3134 4842
565 240 643 303 86

464 427 730 492 parans:
819 399 951 470 τὸν
1002 399 1081 470 δὲ
1124 398 1231 492 μὴ
1285 398 1711 494 πειθάνορα
1763 400 1989 483 ζεύξω
2042 402 2377 495 βαρείαις
2411 400 2577 469 οὔτι
2605 424 2741 490 μοι

465 497 927 599 σειραφόρον
976 502 1371 594 κριθῶντα
1434 506 1717 573 πῶλον.
1833 506 1950 570 Vis
2018 505 2465 570 translationis
2531 507 2601 568 in
2660 529 2737 568 eo

461 607 676 693 posita
740 619 858 684 est,
926 607 1103 691 quod
1160 607 1317 692 equi
1364 606 1621 671 funales
1666 607 1736 670 in
1784 631 1975 670 curru
2021 597 2323 672 ducendo
2371 606 2578 669 multo
2625 606 2741 669 mi-

460 731 688 772 norem
751 707 1044 771 laborem
1111 708 1521 771 sustinebant
1588 731 1780 793 quam
1845 708 1914 786 ii,
1983 707 2095 792 qui
2150 708 2269 771 sub
2316 708 2480 792 jugo
2536 720 2737 770 erant.

459 809 570 871 Ad
635 808 966 897 βαρείαις
1031 808 1470 895 supplendum
1528 823 1630 873 est
1687 801 2047 893 ζεύγλαις;
2099 804 2381 897 κριθᾶν
2426 808 2507 871 de
2555 808 2738 892 equis

461 909 816 997 dicebatur,
864 910 975 993 qui
1017 909 1269 973 hordeo
1318 909 1511 972 nimis
1557 910 1727 973 bene
1776 910 1945 995 pasti
1990 909 2403 995 superbirent
2447 921 2514 971 et
2555 909 2740 972 lasci-

458 1010 703 1084 virent;
773 1006 937 1076 οὔτι
1003 1030 1141 1095 μοι
1207 1003 1672 1103 σειραφόρον
1716 1025 1839 1075 etc.
1886 1011 2251 1096 proleptice
2300 1008 2523 1073 addita
2567 1022 2736 1072 sunt.

459 1110 641 1174 Haec
684 1110 886 1196 igitur
931 1124 1030 1174 cst
1075 1111 1431 1174 sententia:
1491 1112 1572 1187 ei,
1631 1112 1740 1195 qui
1787 1134 1921 1174 non
1969 1110 2357 1187 obediverit,
2403 1133 2597 1195 grave
2636 1111 2738 1193 ju-

458 1234 614 1296 gum
658 1212 1011 1298 imponam,
1059 1235 1140 1275 ne
1188 1212 1274 1275 sit
1320 1234 1525 1296 equus
1566 1211 1829 1288 funalis,
1863 1211 1974 1296 qui
1998 1211 2144 1296 jugi
2177 1233 2412 1296 expers
2447 1224 2513 1273 et
2543 1210 2735 1273 nimis

457 1312 627 1375 bene
686 1326 907 1398 pastus
966 1312 1316 1398 superbiat.
1407 1311 1585 1389 Qu’ae
1632 1312 1850 1397 imago
1898 1335 2025 1396 quo
2074 1324 2344 1396 spectet,
2392 1334 2526 1374 non
2574 1334 2735 1395 opus

460 1425 560 1475 est
602 1412 896 1498 pluribus
945 1436 1297 1498 exponere.

627 1513 841 1591 Quum
909 1514 1061 1598 equi
1118 1514 1280 1597 juba
1346 1514 1498 1577 duci
1563 1512 1837 1590 soleant,
1901 1512 2187 1576 feminae
2256 1525 2481 1598 captae
2538 1512 2735 1590 urbiS,

460 1636 622 1697 quae
670 1614 747 1677 ab
795 1613 1092 1677 hostibus
1139 1614 1425 1678 crinibus
1469 1613 1947 1691 abstrahuntur,
1977 1607 2317 1700 ἱππηδόν,
2356 1616 2496 1698 equi
2522 1615 2736 1689 instar,

456 1714 624 1777 trahi
649 1715 778 1779 dici
809 1729 1103 1800 possunt.
1151 1714 1328 1801 Sept.
1354 1717 1507 1779 328:
1543 1708 1673 1790 τὰς
1707 1707 1785 1780 δὲ
1816 1714 2350 1801 κεχειρωμένας
2384 1709 2736 1799 ἄγεσθαι,

457 1809 560 1902 ἐὴ,
616 1816 778 1892 νέας
831 1836 907 1881 τε
955 1811 1080 1881 καὶ
1129 1809 1450 1891 παλαιὰς
1498 1809 1817 1902 ἱππηδὸν
1868 1809 2301 1899 πλοκάμων.
2357 1853 2443 1861 -
2484 1814 2734 1878 Eadem

455 1916 535 1979 de
596 1940 790 1980 causa
833 1916 1163 2002 supplices
1212 1940 1279 1979 se
1328 1917 1556 1981 dicunt
1602 1917 1755 2000 equi
1798 1917 2003 1980 instar
2046 1916 2457 1980 redimiculis
2494 1915 2731 1979 frontis

454 2040 490 2077 a
519 2018 722 2102 signis
754 2018 1025 2081 deorum
1059 2017 1360 2080 abstrahi.
1429 2017 1655 2104 Suppl.
1689 2019 1839 2081 431:
1881 2011 1990 2103 μή
2034 2038 2101 2082 τι
2146 2017 2318 2109 τλῇς
2360 2010 2494 2081 τὰν
2521 2015 2738 2081 ἱκέτιν

454 2112 728 2192 εἰςιδεῖν
770 2110 920 2183 άπὸ
964 2114 1293 2207 βρετέων
1335 2114 1467 2202 βίᾳ
1507 2112 1708 2193 δίκας
1734 2114 2114 2204 α’γομέναν
2141 2112 2461 2204 ἱππηδὸν
2490 2109 2737 2201 α’μπύ-

450 2237 606 2282 κων
656 2216 1112 2301 πολυμίτων.
1168 2256 1254 2265 -
1307 2210 1924 2293 καθιππάζεσθαι
1976 2219 2044 2281 in
2102 2219 2545 2303 equitantibus
2591 2241 2735 2303 pro-

426 2317 666 2404 prium
714 2331 831 2396 est,
880 2319 989 2404 qui
1039 2319 1321 2403 aliquem
1368 2333 1795 2405 prosternunt
1840 2333 1905 2382 et
1946 2319 2364 2404 proculcant3
2424 2319 2732 2381 translate

453 2442 648 2483 sensu
694 2422 1102 2505 opprimendi,
1150 2421 1427 2483 vincendi
1470 2421 1779 2503 adjuncta
1823 2420 2165 2506 superbiae
2200 2434 2266 2483 et
2297 2419 2732 2483 contumeliae

452 2519 931 2606 significatione
977 2521 1184 2584 tribus
1229 2521 1391 2584 locis
1437 2520 1882 2584 Eumenidum
1929 2535 2294 2606 usurpatur,
2328 2520 2396 2583 in
2431 2520 2732 2582 omnibus

451 2644 486 2683 a
529 2618 746 2684 Furiis
794 2623 873 2685 de
914 2622 1173 2706 juribus
1221 2622 1354 2685 suis
1401 2622 1479 2685 ab
1524 2621 1843 2708 Apolline
1891 2636 1956 2685 et
1984 2622 2282 2684 Minerva
2313 2620 2732 2684 conculcatis.

454 2722 606 2786 150:
654 2722 814 2797 νέος
858 2717 935 2788 δὲ
978 2720 1240 2811 γραίας
1283 2716 1640 2807 δαιζιιονας
1679 2716 2167 2789 καθιππάσω.
2217 2723 2367 2786 731;
2415 2715 2564 2788 ἐπεὶ
2604 2742 2736 2785 κα-

455 2817 805 2899 θιππάζει
829 2844 927 2908 με
957 2820 1356 2913 πρεσβῦτιν
1382 2822 1563 2899 νέος.
1599 2824 1751 2887 779:
1781 2819 1953 2889 θεοὶ
1973 2817 2346 2911 νεώτεροι,
2370 2815 2737 2897 παλαιοὺς

451 2915 726 3000 νόμους
775 2917 1395 2991 καθιππάσασθε.
1426 2963 1512 2972 -
1538 2924 1691 2987 Non
1738 2924 2053 2988 dissimile
2088 2937 2205 3002 est,
2239 2923 2415 3009 quod
2445 2913 2734 2989 α’πολα-

448 3022 704 3100 κτίζειν
759 3025 836 3088 ab
895 3025 1079 3110 equis
1125 3025 1685 3088 recalcitrantibus
1732 3025 1812 3088 ad
1856 3026 1990 3087 vim
2034 3027 2434 3109 iynominiose
2476 3026 2734 3109 repudi-

450 3128 600 3188 andi
640 3125 1032 3189 transfertur
1081 3126 1292 3189 Prom.
1325 3126 1474 3189 651:
1514 3117 2084 3216 μάπολακτίσῃς
2113 3123 2325 3212 λε’χος
2357 3118 2442 3190 τὸ
2475 3119 2732 3211 Ζηνός,

451 3226 529 3289 ad
598 3250 792 3311 quem
855 3227 1075 3291 locum
1143 3225 1344 3290 schol.
1415 3220 1516 3301 ὥς
1580 3218 1733 3293 άπὸ
1800 3227 1952 3291 τῶν
2006 3218 2317 3313 ἀλόγων
2366 3218 2583 3311 ζῴων
2626 3226 2732 3288 ad-

450 3327 726 3412 scripsit.
792 3366 877 3374 —
940 3328 1125 3392 Idem
1191 3328 1464 3391 verbum
1522 3329 1602 3392 de
1661 3350 1894 3391 somno
1943 3327 2339 3392 excutiendo
2385 3338 2733 3411 usurpatur

448 3426 638 3489 Eum.
690 3430 836 3491 141:
883 3420 1158 3495 ιίνίστω
1212 3419 1810 3495 κάπολακτίσασ’
1839 3422 2072 3494 ὕπνον
2122 3419 2484 3513 ἰδώμεθ’.
2563 3426 2730 3490 Vide

449 3528 645 3591 etiam
692 3528 917 3614 Suppl.
965 3532 1116 3595 937:
1163 3521 1360 3596 α’λλὰ
1406 3522 1654 3595 πολλὰ
1702 3532 2026 3616 γίγνεται
2068 3524 2313 3616 πάρος
2353 3519 2732 3616 πεσήματ’

455 3620 750 3717 άνδρσῦν
827 3623 1416 3713 κάπολακτισμοὶ
1487 3626 1703 3711 βίων,
1767 3631 1881 3695 ubi
1944 3623 2491 3713 άπολακτισμοὶ
2541 3627 2733 3709 βίων

451 3742 603 3793 sunt
669 3733 822 3794 vitae
884 3733 1258 3817 abjectiones,
1321 3732 1364 3793 i.
1423 3754 1479 3793 e.
1539 3744 1782 3795 mortes
1831 3732 2082 3795 subitae
2132 3745 2197 3795 et
2241 3732 2307 3793 vi
2353 3730 2602 3793 allatae.
2648 3768 2734 3777 —

451 3831 548 3894 De
598 3831 890 3918 Choeph.
936 3835 1093 3897 1021
1125 3832 1298 3895 infra
1326 3832 1499 3895 inter
1526 3831 1849 3918 imagines
1880 3857 1916 3895 a
1942 3832 2114 3895 ludis
2147 3832 2383 3918 petitas
2417 3831 2730 3894 dicemus

618 3933 896 4018 Magnus
944 3946 1044 3997 est
1088 3932 1260 4019 apud
1306 3931 1713 4017 Aeschylum
1755 3956 1976 3996 earum
2005 3932 2367 4017 imaginum
2397 3954 2729 4008 numerus,

450 4055 614 4115 quae
662 4057 697 4095 a
730 4036 905 4117 ιφἰιρνο.
937 4036 1146 4119 freno,
1189 4032 1451 4110 stimulo,
1498 4032 1641 4096 aliis
1678 4035 1891 4110 rebus,
1924 4055 2087 4117 quae
2122 4033 2201 4096 ad
2233 4056 2456 4096 currus
2487 4030 2731 4094 vehen-

414 4133 571 4196 'dos
638 4146 704 4197 et
751 4135 1052 4216 jumenta
1096 4134 1347 4220 agenda
1391 4133 1746 4219 pertinent,
1795 4134 2219 4220 depromptae
2267 4147 2437 4196 sunt.
2527 4132 2727 4209 Quae,

452 4256 840 4318 quamquam
909 4235 1104 4298 etiam
1170 4234 1294 4298 alia
1337 4236 1657 4318 jumenta,
1715 4246 1788 4297 ut
1829 4235 2053 4312 boves,
2101 4235 2332 4311 mulos,
2379 4234 2729 4317 attingunt,
