3134 4842
492 229 574 292 70

408 395 831 482 cogitandum
881 409 999 460 est.
1042 434 1129 475 ·.···
1169 396 1412 475 Naves,
1456 410 1530 460 ut
1576 419 1740 482 quae
1788 395 2093 461 celeriter
2135 417 2255 480 per
2297 417 2473 459 mare
2507 393 2695 480 quasi

404 496 652 573 volent,
702 488 1119 584 ὠκύπτεροι
1178 510 1498 561 vocantur
1545 497 1772 583 Suppl.
1808 498 1947 561 734.
2025 495 2464 583 Sedfortasse
2495 507 2700 581 poeta

404 595 513 660 hic
576 597 933 683 imaginem
1000 598 1157 661 inde
1227 598 1305 661 ab
1373 598 1668 662 Homero
1730 590 1995 661 Graecis
2039 596 2254 682 poetis
2299 595 2691 659 familiarem

404 697 473 759 in
542 697 759 761 animo
815 697 1119 776 habebat,
1167 720 1295 783 qua
1338 699 1503 761 remi
1549 710 1618 761 et
1659 697 1826 776 vela,
1873 697 2025 782 quia
2067 719 2287 774 naveS,
2335 697 2507 760 sicut
2550 697 2690 760 alae

406 821 578 876 aves,
649 811 1165 868 commoverent.
1235 797 1373 862 alae
1440 799 1626 862 navis
1695 799 2099 862 dicebantur.
2210 796 2331 860 Od.
2391 799 2491 875 11,
2540 797 2695 860 125;

405 892 839 986 §parma-wi
868 919 945 964 τε
972 892 1207 987 πτερὰ
1239 895 1450 986 νηυσὶ
1476 898 1852 966 πέλονται.
1929 898 2034 964 Od
2063 900 2163 974 23,
2198 900 2339 961 272.
2413 897 2696 961 Hesiod.

405 998 527 1084 Op.
586 1001 738 1063 626:
799 992 1183 1086 εὐκόσμως
1247 998 1594 1075 στολίσας
1645 993 1818 1086 νηὸς
1867 993 2101 1089 πτερὰ
2153 994 2695 1086 ποντοπόροιο.

405 1100 599 1178 Quod
653 1100 733 1162 ad
783 1123 1001 1164 remos
1050 1101 1304 1179 attinet,
1351 1101 1548 1164 etiam
1596 1101 1723 1163 alia
1767 1098 2217 1163 similitudinis
2262 1100 2427 1163 ratio
2475 1111 2576 1162 est
2619 1122 2698 1162 ac

403 1200 502 1264 vis
551 1201 1044 1277 commovendi3
1111 1224 1262 1264 nam
1319 1214 1544 1265 motus⁴
1590 1224 1924 1264 remorum
1980 1199 2412 1286 aequabiliter
2456 1199 2706 1264 demis·.

404 1286 628 1364 sorum
674 1313 740 1364 et
784 1302 1188 1365 sublatorum
1235 1324 1427 1387 quam
1473 1301 1975 1365 similitudinem
2022 1324 2170 1365 cum
2216 1313 2402 1364 motu
2447 1300 2694 1363 alarum

402 1401 658 1478 habeat,
727 1425 924 1466 nemo
992 1426 1130 1466 non
1197 1403 1416 1466 sentit.
1506 1402 1677 1465 Vide
1724 1400 2057 1465 Eustath.:
2102 1394 2336 1492 πτερὰ
2392 1396 2470 1466 δὲ
2520 1394 2703 1487 νηὸς

407 1496 535 1577 τὰς
584 1496 842 1579 κῶπας
891 1501 1110 1591 λέγει,
1155 1509 1489 1593 κρεῖττον
1532 1498 1715 1591 ἥπερ
1763 1497 1806 1567 ὁ
1851 1495 2293 1596 Λυκόφρων
2338 1495 2429 1567 τὰ
2471 1501 2697 1567 ἱστία,

404 1598 537 1669 εἰσὶ
611 1597 759 1694 γὰρ
823 1599 946 1669 καὶ
1011 1598 1280 1690 τάχους
1333 1603 1531 1670 αἴτια
1587 1605 1678 1696 τῇ
1727 1599 1841 1690 νηὶ
1894 1598 2016 1669 καὶ
2068 1597 2159 1668 τὰ
2214 1603 2430 1687 ἱστία,
2481 1596 2693 1667 καθὰ

399 1699 521 1770 καὶ
593 1705 864 1771 κῶπαι·
943 1697 1138 1771 ἄλλα
1216 1698 1302 1770 τὸ
1381 1705 1626 1792 σχῆμα
1700 1705 1854 1769 τῶν
1917 1705 2213 1793 πτερῶν
2266 1701 2567 1790 μᾶλλον
2619 1703 2704 1768 αἱ

401 1806 647 1871 κῶπαι
711 1800 1099 1890 σώζουσιν,
1166 1802 1346 1894 ἤπερ
1405 1799 1495 1871 τὰ
1549 1804 1850 1898 λαίφεα.
1961 1805 2267 1869 Conferri
2332 1815 2552 1891 potest
2615 1803 2700 1867 Il.

406 1908 504 1984 19,
572 1908 714 1984 386,
771 1907 885 1971 ubi
944 1930 1120 1970 arma
1164 1907 1449 1971 Achillis
1498 1907 1560 1970 ei
1607 1906 1744 1969 alae
1790 1906 1993 1969 fuisse
2042 1906 2367 1983 dicuntur,
2415 1906 2567 1990 quia
2610 1905 2698 1967 iis

403 2031 471 2071 se
517 2006 806 2071 levatum
868 2008 1225 2072 sentiebat:
1297 2028 1401 2093 τῳ
1464 2000 1545 2073 δ’
1553 1991 1715 2073 εῧτε
1766 2000 2001 2097 πτερὰ
2049 1999 2284 2094 γιηνετ
2288 2055 2311 2089 ,
2365 2003 2566 2095 ἄειρε
2619 2001 2696 2071 δὲ

400 2094 720 2193 ποιμένα
770 2106 1003 2174 λαῶν.
1048 2147 1135 2156 --
1175 2109 1346 2173 Vela
1392 2122 1614 2195 aperte
1670 2120 2048 2194 spectantur
2092 2108 2307 2171 Prom
2363 2109 2519 2171 468·
2585 2105 2697 2173 λι-

393 2200 715 2307 νοπτερ’
772 2193 951 2299 ηὗρε
1002 2207 1372 2275 ναυτίλων
1425 2202 1792 2296 ὀχήματα.
1870 2208 2034 2272 Cnfr
2085 2208 2242 2271 Eur.
2288 2209 2492 2294 Hipp.
2541 2209 2694 2271 752:

405 2301 966 2397 ωλευκόπτερε
1018 2306 1376 2399 πορθμίς.
1442 2349 1528 2358 —-
1593 2309 2104 2396 Elegantissime
2162 2310 2362 2395 gratis
2409 2308 2694 2373 somnio·

314 2442 323 2447 ·
402 2435 546 2474 rum
594 2411 773 2487 visis,
827 2424 901 2475 ut
946 2433 1111 2508 quae
1156 2411 1418 2497 fugacia
1462 2411 1596 2476 sint
1640 2424 1706 2475 et
1750 2411 2055 2475 celeriter
2098 2411 2353 2487 abeant,
2401 2410 2538 2472 alae
2575 2408 2698 2473 tri-—

401 2514 712 2577 buuntur.
826 2515 956 2601 Ag.
1023 2514 1175 2575 426:
1243 2506 1792 2602 παραλλάξασα
1866 2506 1988 2577 διὰ
2053 2512 2306 2599 χερῶν
2377 2509 2695 2592 βέβακεν

404 2608 580 2702 ὄψις
622 2605 715 2678 ου’
752 2610 1239 2700 ,ιιεθύστερον
1280 2620 1577 2701 πτεροῖς
1606 2605 1988 2679 ὀπαὸ“οῦσ’
2017 2606 2253 2680 ὕπνου
2278 2605 2698 2685 κελεύθοις.

402 2705 781 2779 ὄπαδ“οῦσ”
848 2726 950 2777 est
1014 2714 1393 2797 conjectura
1457 2715 1751 2778 Dobraei
1814 2737 1934 2799 pro
1985 2714 2304 2778 librorum
2363 2705 2696 2795 ὀπαδοῖς,

402 2814 578 2900 quod
641 2815 696 2876 si
761 2815 1102 2891 retinetur,
1166 2813 1293 2879 hoc
1360 2815 1689 2898 adjectivo
1758 2815 2049 2878 dativum
2110 2807 2502 2889 κελεύθοις
2553 2814 2697 2900 regi

400 2914 766 3000 putandum
813 2927 931 2979 est.
1004 2914 1272 3000 Species
1302 2916 1372 2978 in
1406 2939 1638 2979 somno
1670 2915 1888 2979 oblata
1918 2915 2034 2978 alis
2065 2915 2203 2978 vias
2235 2914 2451 2978 somni
2482 2915 2695 3000 sequi-

401 3029 525 3093 tur,
591 3016 634 3079 i.
708 3038 764 3079 e.
834 3015 1136 3079 celeriter
1191 3015 1386 3078 simul
1443 3039 1592 3079 cum
1638 3038 1868 3079 somno
1916 3016 2069 3080 abit.
2113 3053 2198 3063 —
2241 3015 2375 3078 Ubi
2420 3015 2701 3101 sagittae

403 3116 540 3180 alae
608 3115 716 3178 vel
783 3116 986 3179 alatae
1054 3129 1391 3194 vocantur,
1451 3117 1629 3201 quod
1674 3139 1868 3202 saepe
1915 3116 2090 3202 apud
2133 3128 2361 3201 poetas
2410 3115 2697 3183 Graecos

402 3215 547 3279 fieri
598 3217 899 3280 videmus
932 3210 1002 3298 1),
1050 3216 1333 3281 dubitari
1384 3230 1626 3302 potest,
1680 3231 1898 3281 utrum
1950 3215 2078 3280 hoc
2127 3216 2442 3280 translato
2498 3239 2700 3279 sensu

404 3317 675 3394 dicatur,
725 3318 900 3402 quod
948 3316 1222 3402 sagittae
1272 3317 1576 3381 celeriter
1618 3341 1737 3404 per
1768 3340 1987 3380 auram
2016 3316 2264 3393 volent,
2298 3340 2378 3379 an
2411 3318 2491 3380 de
2522 3317 2700 3380 veris

402 3417 640 3502 pennis
673 3418 758 3481 sit
789 3418 1231 3504 cogitandum,
1264 3418 1500 3502 quibus
1531 3419 1883 3482 instructas
1915 3418 2180 3503 sagittas
2213 3418 2385 3503 apud
2412 3416 2700 3481 Graecos

402 3518 472 3580 in
530 3541 653 3580 usu
707 3518 912 3582 fuisse
960 3518 1114 3581 satis
1161 3531 1395 3581 notum
1441 3532 1559 3582 est.
1647 3519 1979 3596 Fortasse,
2023 3519 2094 3582 id
2138 3519 2315 3604 quod
2360 3541 2554 3604 saepe
2601 3517 2696 3593 fit,

403 3618 472 3681 in
541 3618 770 3681 eadem
835 3642 1000 3683 voce
1068 3619 1336 3704 propria
1394 3633 1460 3683 et
1525 3619 1974 3705 metaphorica
2037 3620 2136 3683 vis
2195 3618 2698 3705 permiscentur.

400 3719 594 3782 Eum.
665 3721 782 3783 181
841 3719 1091 3806 Apollo
1151 3719 1455 3797 declarat,
1511 3720 1642 3783 nisi
1685 3720 1923 3784 Furiae
1970 3719 2273 3783 celeriter
2317 3742 2402 3780 ex
2446 3718 2700 3804 templo

403 3844 520 3884 suo
601 3819 1042 3897 discesserint,
1121 3843 1229 3883 eas
1307 3832 1687 3905 accepturas
1756 3844 1897 3885 esse
1965 3814 2245 3903 πτηνὸν
2316 3812 2697 3908 ἀργηστὴν

400 3917 615 4014 ὅφιν,
685 3921 989 4006 sagittam
1049 3943 1233 3983 suam
1279 3920 1681 4007 significans.
1726 3961 1813 3969 —
1853 3921 2228 3984 Insolenter
2269 3914 2547 4009 πτερόν
2598 3944 2702 3983 so-

400 4022 541 4085 lum
585 4045 705 4108 pro
752 4022 988 4109 sagitta
1032 4021 1271 4085 dicitur
1312 4021 1489 4108 Sept.
1525 4023 1681 4085 676:
1730 4014 1914 4115 φέρ’
1943 4016 2045 4097 αἶς
2077 4015 2300 4109 τάχος
2325 4017 2695 4108 κνημῖδας,

403 4120 671 4208 αἰχμῆς
718 4118 840 4188 καὶ
890 4123 1190 4214 πτερῶν
1240 4116 1773 4209 προβλήματα,
1830 4123 1885 4185 si
1952 4122 2045 4186 sic
2101 4136 2278 4187 recte
2324 4122 2568 4209 legitur
2612 4145 2698 4184 ex
2765 4205 2774 4211 ἡ

542 4249 586 4315 ¹)
622 4251 684 4300 11.
721 4253 768 4310 4,
809 4254 903 4303 117
939 4247 1030 4303 ἰὸν
1064 4243 1384 4317 πτερόεντα.
1424 4253 1469 4311 5,
1510 4253 1626 4301 171.
1695 4253 1775 4311 20,
1814 4253 1893 4302 68.
