3134 4842
541 237 619 300 76

451 403 915 479 lamentabatur,
982 426 1019 467 a
1081 404 1285 469 verbo
1341 397 1650 480 ἕποι’ζειν
1693 405 1985 483 ductum,
2032 427 2316 489 quocum
2364 419 2749 492 comparant

455 498 771 579 δυσοίζω
815 506 945 590 Ag.
995 506 1177 569 1316.

624 607 652 688 ξ
698 607 757 669 8.
846 604 1011 668 Cum
1068 628 1243 669 corvo
1300 627 1500 690 quum
1547 606 1948 689 comparatio
1994 604 2087 682 fit,
2134 628 2397 691 semper
2440 606 2743 671 odiosum

453 704 704 791 aliquid
746 717 813 769 et
855 718 1136 769 taetrum
1183 705 1566 769 declaratur.
1653 705 1744 769 Et
1783 728 1984 791 quum
2019 728 2273 784 corvuS,
2304 707 2574 771 omnino
2606 731 2745 772 cor-

453 828 686 891 porum
753 819 1160 870 mortuorum
1225 805 1527 884 violator,
1583 806 1781 874 etiam
1836 807 1915 870 ab
1961 806 2085 869 aris
2134 829 2396 871 carnem
2442 808 2739 895 abripere

366 949 381 966 .
448 905 771 983 videatur,
817 905 880 969 ei
922 906 1111 992 impii
1151 907 1297 984 viri,
1344 907 1455 991 qui
1501 930 1584 970 ne
1628 930 1764 970 aras
1809 906 2074 992 quidem
2107 907 2380 971 deorum
2410 921 2740 987 verentur,

452 1006 700 1070 similes
749 1019 919 1071 sunt.
990 1007 1215 1093 Suppl.
1251 1008 1403 1072 751:
1449 1000 1839 1095 δυςιέγνοις
1870 1003 2154 1100 φρεσὶν,
2184 1002 2494 1099 κόρακες
2524 1003 2741 1094 ὥστε,

449 1104 744 1193 βωμῶν
794 1100 1189 1195 ἀλέγοντες
1239 1101 1476 1175 οὐδέν.
1520 1147 1608 1156 -
1648 1108 1750 1171 De
1799 1108 2322 1193 Clytaemnestra
2365 1112 2495 1196 Ag.
2543 1113 2738 1175 1472:

449 1201 564 1274 ἐπὶ
637 1202 717 1274 δὲ
789 1201 1140 1292 σώματος
1204 1204 1410 1276 δίκαν
1471 1203 1792 1299 κόρακος
1842 1205 2133 1299 ἐχθροῦ
2186 1206 2490 1286 σταθεὶς
2539 1205 2742 1277 ἐννό-

444 1328 612 1392 μως
663 1303 900 1393 ν’μνον
952 1295 1209 1394 ὗμνεῖν
1257 1304 1656 1395 ἕπεύχεᾋται
1766 1310 1861 1373 Ut
1926 1310 2101 1373 enim
2158 1334 2394 1375 corvus
2439 1312 2507 1374 in
2555 1312 2741 1376 cada-

449 1432 604 1473 vere
673 1423 849 1474 stans
907 1433 1100 1474 rauca
1154 1434 1318 1475 voce
1365 1412 1623 1488 clamat,
1668 1411 1761 1475 ita
1806 1410 2329 1496 Clytaemnestra
2375 1412 2456 1475 ad
2500 1435 2737 1500 corpus

450 1524 780 1574 mortuum
852 1513 1370 1597 Agamemnonis
1438 1534 1701 1576 carmen
1754 1512 2000 1575 laetum
2064 1512 2258 1576 canit.
2303 1551 2389 1560 ——
2430 1513 2737 1578 Fortasse

447 1611 947 1675 translationem
1026 1613 1107 1675 de
1185 1635 1383 1676 corvo
1451 1613 1814 1699 reperimus
1879 1613 1950 1675 in
2015 1614 2218 1677 verbo
2286 1607 2736 1703 ἐπιρροιζεῖν,

450 1712 627 1797 quod
694 1712 774 1775 de
831 1712 1083 1777 crocitu
1127 1713 1326 1791 corvi,
1374 1736 1576 1799 quum
1621 1713 1912 1799 pluviam
1958 1726 2025 1776 et
2067 1726 2529 1799 tempestatem
2574 1739 2740 1780 nun-

446 1811 586 1889 tiat,
642 1813 906 1899 proprie
965 1812 1097 1877 dici
1137 1814 1418 1879 videtur.
1507 1813 1849 1877 Translate
1896 1816 2074 1889 tristi,
2118 1837 2310 1878 rauca
2354 1838 2491 1879 voce
2541 1819 2740 1881 dicere

448 1911 796 1999 significat,
864 1926 937 1977 ut
1003 1915 1083 1978 de
1139 1914 1356 1979 Furiis
1412 1915 1605 1978 Eum.
1651 1916 1804 1978 424:
1872 1897 1917 2000 ἦ
1969 1909 2092 1979 καὶ
2144 1908 2494 1992 τοιαύτας
2546 1907 2737 2003 τῷδ’

406 2007 870 2104 ’ἐπιρροιζεῖς
924 2008 1211 2107 φυγάςς

614 2117 643 2198 ξ
689 2116 745 2178 9.
832 2114 1219 2179 Hirundinis
1259 2116 1361 2179 bis
1407 2115 1582 2202 apud
1625 2115 1990 2179 Homerum
2035 2116 2286 2181 mentio
2328 2116 2421 2194 fit,
2471 2116 2592 2181 Od.
2637 2119 2737 2196 21,

444 2217 567 2278 411
635 2216 750 2279 ubi
815 2239 1014 2283 sonus
1083 2239 1268 2280 arcus
1335 2239 1483 2280 cum
1549 2239 1715 2279 voce
1772 2214 2145 2281 hirundinis
2192 2233 2625 2304 comparatur,
2672 2232 2740 2281 et

446 2314 570 2379 Od.
641 2319 738 2394 22,
804 2317 945 2395 240,
1000 2317 1114 2381 ubi
1159 2317 1461 2381 Minerva
1504 2316 1877 2380 hirundinis
1921 2317 2127 2381 instar
2170 2319 2428 2382 avolare
2478 2318 2735 2383 dicitur.

446 2416 614 2494 Quia
657 2440 829 2495 aves,
877 2440 1078 2503 quum
1124 2417 1552 2495 fritinnirent,
1600 2417 1785 2503 quasi
1827 2418 2054 2505 lingua
2097 2418 2477 2483 hominibus
2508 2419 2739 2505 ignota

441 2517 616 2581 inter
661 2541 730 2582 se
778 2518 1068 2604 colloqui
1108 2519 1521 2596 videbantur,
1555 2517 1788 2582 Graeci
1819 2542 1955 2595 eos,
1989 2519 2101 2604 qui
2131 2520 2481 2606 peregrina
2508 2520 2738 2606 lingua

442 2619 552 2681 vel
619 2620 890 2683 omnino
955 2620 1066 2698 ita,
1121 2632 1196 2683 ut
1247 2619 1534 2705 intelligi
1579 2643 1713 2683 non
1757 2634 2047 2705 possent,
2091 2620 2537 2705 loquerentur,
2584 2644 2734 2684 cum

442 2718 674 2783 avibus
721 2743 1100 2806 comparare
1147 2721 1466 2785 solebant.
1567 2720 1675 2783 Si'c
1719 2718 2024 2798 hirundO,
2072 2743 2237 2805 quae
2283 2744 2543 2807 semper
2593 2720 2732 2785 fere

442 2820 513 2883 in
578 2820 804 2884 volatu
871 2820 1200 2885 fritinnire
1260 2821 1448 2898 solet,
1495 2834 2045 2885 commemoratur
2109 2823 2239 2907 Ag.
2287 2822 2478 2886 1050:
2546 2813 2733 2889 ἀλλ’

444 2919 641 3010 εἴπερ
696 2916 845 2987 ἐστὶ
889 2916 996 3007 μὴ
1040 2916 1428 3007 χελιδόνος
1465 2918 1672 3007 δίκην
1700 2913 2011 3010 ἀγνῶτα
2041 2916 2306 3016 φωνὴν
2332 2916 2737 3014 βάρβαρον

442 3021 860 3109 κεκτημένη.
970 3021 1324 3099 Incertum,
1384 3035 1603 3086 utrum
1662 3022 1744 3085 ad
1786 3022 1964 3087 hunc
2010 3046 2092 3086 an
2137 3022 2220 3085 ad
2265 3022 2465 3086 alium
2509 3024 2731 3087 locum

443 3136 700 3211 spectet
743 3122 946 3188 schol.
994 3122 1077 3186 ad
1124 3123 1323 3187 Arist.
1369 3125 1496 3187 Av,
1559 3125 1751 3188 1679:
1818 3120 1940 3189 καὶ
1991 3117 2369 3210 Αἰσχύλος
2411 3117 2499 3190 τὸ
2542 3122 2734 3214 βαρ-

438 3222 767 3312 βαρίζειν
819 3219 1294 3310 χελιδονίζειν
1360 3225 1565 3317 φησί.
1665 3224 1743 3287 In
1785 3224 1983 3288 ,Ionis
2041 3224 2120 3287 fr.
2177 3226 2259 3290 33
2302 3224 2432 3310 ipsi
2475 3225 2733 3290 barbari

443 3324 752 3389 dicuntur
783 3318 1180 3412 χελιδόνες.
1271 3325 1389 3389 Cfr
1432 3325 1631 3389 etiam
1675 3323 1923 3388 Herod.
1972 3328 2030 3403 2,
2076 3325 2176 3389 57.

465 3499 470 3514 .
607 3429 635 3510 ξ
683 3428 795 3516 10.)
871 3426 1116 3492 Cantus
1160 3427 1472 3504 lusciniae,
1514 3426 1779 3512 vesperi
1824 3438 1890 3489 et
1932 3439 2135 3490 noctu
2180 3426 2416 3504 editus,
2463 3425 2729 3491 Graecis

441 3525 738 3590 dolorem
806 3540 872 3592 et
937 3527 1235 3613 querelas
1301 3526 1594 3591 indicare
1660 3526 2025 3604 videbatur,
2092 3527 2269 3590 unde
2336 3526 2562 3591 fabula
2614 3526 2729 3591 illa

440 3639 597 3692 nota
664 3641 804 3692 orta
871 3641 973 3693 est
1037 3628 1119 3692 de
1187 3628 1441 3692 Procne
1507 3628 1577 3691 in
1643 3627 1991 3692 lusciniam
2049 3640 2299 3691 mutata
2356 3640 2423 3691 et
2467 3651 2730 3715 semper

441 3740 721 3792 mortem
787 3727 909 3792 filii
974 3728 1158 3814 Ityos
1224 3729 1516 3816 lugente.
1631 3728 1775 3793 Hac
1842 3729 1922 3792 de
1981 3751 2175 3792 causa
2229 3728 2510 3791 luscinia
2553 3730 2729 3816 apud

441 3828 727 3893 Graecos
793 3843 1021 3915 poetas
1089 3830 1308 3917 imago
1372 3853 1585 3917 paene
1652 3829 1901 3894 stabilis
1969 3840 2087 3905 est,
2156 3850 2284 3913 qua
2340 3830 2608 3913 querela
2662 3844 2731 3893 et

437 3930 820 3994 lamentatio
867 3930 1268 4017 depingitur.
1355 3931 1456 3995 Ita
1499 3932 1631 3993 iam
1677 3930 2007 3994 Homerus
2053 3927 2175 3991 Od.
2224 3930 2321 4007 19,
2370 3930 2492 3994 518
2521 3953 2726 4016 sequ„

438 4030 552 4095 ubi
601 4044 822 4095 tamen
877 4031 1200 4118 imprimis
1246 4055 1324 4095 ea
1366 4045 1700 4117 tamquam
1745 4028 2108 4106 fluctuatio,
2155 4052 2319 4114 quae
2366 4043 2434 4093 et
2477 4030 2543 4094 in
2594 4054 2729 4095 mo-

438 4131 538 4195 dis
603 4132 920 4196 lusciniae
978 4149 1046 4197 et
1087 4133 1157 4196 in
1202 4132 1421 4196 animo
1467 4131 1837 4217 Penelopes
1884 4142 2001 4208 est,
2048 4129 2116 4193 in
2163 4131 2724 4218 comparationem

438 4232 653 4311 venit;
697 4257 849 4297 nam
893 4227 1054 4321 ἆζαα
1102 4234 1480 4325 τρωπῶσα
1523 4245 1592 4296 et
1635 4227 1803 4317 διχα
1847 4224 2100 4306 θυαὸς
2129 4223 2502 4323 ὀρώρεται
2532 4229 2726 4298 ἔνθα
