3134 4842
514 212 595 274 90

421 378 793 462 quibusque
841 400 926 439 ex
968 390 1151 463 parte
1198 390 1371 441 tecta
1416 400 1611 462 supra
1653 397 1917 440 scenam
1963 376 2386 460 conspicitur,
2432 389 2507 439 ut
2547 388 2712 440 tam·

422 501 620 562 quam
676 478 744 540 in
791 501 984 541 curru
1028 492 1196 541 stare
1242 478 1573 554 videatur;
1642 477 1722 540 ad
1766 476 1941 539 hunc
1988 499 2248 538 currum
2289 466 2537 542 πῶλοι
2583 468 2711 542 ἄκ-

422 585 634 661 ,ααῖοι
674 578 891 662 juncti
938 591 1108 650 sunt,
1154 579 1304 663 quia
1335 592 1587 642 motum
1620 578 1851 664 aegide
1883 576 2199 668 vibranda
2227 576 2477 643 incitat.
2553 577 2709 641 Vim

420 679 627 766 igitur
689 679 918 764 ipsam,
987 701 1113 763 qua
1176 692 1477 743 movetur
1540 678 1655 741 ille
1711 692 2042 762 tamquam
2101 700 2344 754 currus,
2391 700 2708 761 equorum

426 780 677 843 mentio
733 778 840 843 hic
897 779 1230 865 designat3
1275 780 1614 843 translatio
1661 777 2091 842 audacissima
2138 799 2215 840 ea
2258 778 2546 862 quidem,
2591 778 2710 842 sed

425 904 560 944 non
604 879 771 956 talis,
817 893 891 943 ut
931 880 1010 943 ab
1043 880 1360 965 Aeschyli
1395 880 1670 965 ingenio
1700 879 1914 942 aliena
1941 878 2242 942 videatur
2270 872 2342 963 1).
2371 917 2456 926 —
2487 878 2709 943 Verbo

420 975 924 1068 ἐπιζευγνύναι
979 981 1377 1044 contrarium
1435 994 1535 1044 est
1579 972 2138 1065 ἄποζευγνύναι,
2183 1001 2363 1063 equos
2394 981 2547 1064 juyo
2590 981 2712 1044 sol-

425 1105 579 1159 vere,
638 1078 1020 1168 disjunyere3
1075 1082 1250 1167 quod
1304 1081 1696 1145 transfertur
1754 1079 2050 1166 Choeph.
2108 1081 2263 1143 676:
2331 1080 2712 1166 στείχοντα

422 1173 1005 1276 δἀὕτόφορτον
1078 1181 1306 1267 οἰκείᾳ
1385 1183 1581 1273 σαγῇ
1660 1180 1757 1257 εἰς
1816 1177 2111 1267 Ἄργος,
2179 1174 2427 1269 ὥσπερ
2495 1174 2708 1270 δεῦρ’

422 1276 794 1370 ἀπεζύγην
865 1277 1121 1358 πόδας.
1230 1283 1337 1345 Ex
1406 1305 1482 1345 ca
1540 1281 2042 1369 significat-ione,
2098 1304 2291 1366 quam
2336 1283 2707 1367 primariam

422 1407 571 1448 esse
637 1384 944 1461 diximus,
1014 1383 1301 1447 efficitur
1365 1375 1972 1470 ἄποζεύγνυσθαι
2023 1376 2260 1458 πόδας
2311 1382 2478 1445 nihil
2531 1382 2710 1446 aliud

421 1508 569 1549 esse
639 1508 830 1569 quam
894 1486 1077 1568 pedes
1143 1486 1217 1548 ab
1271 1486 1485 1549 itinere
1539 1485 1783 1562 solvere,
1828 1484 1871 1547 i.
1920 1506 1975 1547 e.
2019 1484 2256 1546 itinere
2303 1497 2568 1569 peracto
2613 1484 2707 1547 ire

421 1586 747 1649 desinere.
856 1585 955 1648 Ita
1021 1584 1254 1649 schol.:
1325 1585 1449 1672 τῆς
1523 1580 1960 1673 ὁδοιπορίας
2031 1576 2368 1650 ἀπέλυσα
2430 1577 2544 1650 ἐπὶ
2612 1584 2713 1670 τῷ

420 1683 850 1774 ξενισθῆναι
911 1679 1104 1776 παρ’
1161 1680 1353 1771 ὑμῖν.
1456 1680 1531 1752 ἐκ
1588 1685 2033 1777 μεταφορᾶς
2085 1686 2237 1750 ταῖν
2289 1677 2712 1768 ἀπολυομέ-

425 1808 579 1852 νων
625 1787 760 1852 τοῦ
801 1785 1031 1873 ζυγοῦ
1073 1784 1320 1854 ἵππων
1360 1781 1481 1853 καὶ
1524 1780 1639 1852 ἐπὶ
1683 1780 1975 1880 φάτνην
2011 1780 2449 1873 ὁρμώντων.
2519 1786 2709 1849 Com-

420 1889 636 1974 parari
679 1901 899 1974 potest
941 1887 1136 1950 Eum.
1183 1889 1327 1960 405,
1375 1887 1428 1951 si
1472 1904 1652 1952 recte
1697 1888 1873 1951 hunc
1918 1887 2133 1951 locum
2184 1911 2377 1973 supra
2424 1888 2708 1973 explica·

420 1989 668 2064 vimus3
739 1988 896 2064 illic,
966 1989 1078 2073 qui
1136 1989 1440 2052 celeriter
1497 1989 1809 2074 graditur,
1854 1987 2138 2052 fortibus
2187 1988 2371 2072 equis
2416 1986 2571 2051 vehi
2617 1987 2708 2050 di-

419 2090 611 2166 citur,
656 2088 784 2164 hic',
843 2089 953 2173 qui
998 2089 1091 2151 ire
1140 2089 1402 2166 desinit,
1449 2112 1652 2174 equos
1699 2111 1850 2152 suos
1900 2088 2297 2174 disjungere.
2386 2088 2553 2152 Sunt
2598 2089 2708 2172 qui

422 2189 486 2253 h.
543 2189 587 2252 l.
645 2181 1251 2276 ἄποζεύγνυσθαι
1303 2183 1541 2265 πόδας
1583 2191 1897 2277 proficisci
1947 2189 2494 2274 interpretentur;
2542 2211 2705 2273 quae

420 2288 816 2374 significatio
885 2291 1216 2374 quomodo
1279 2314 1364 2353 ex
1420 2290 1687 2376 propria
1731 2290 1886 2353 oriri
1932 2290 2239 2375 potuerit,
2287 2289 2561 2354 difficile
2609 2304 2710 2353 est

418 2390 784 2454 intellectu.
877 2390 1020 2468 Quo
1088 2391 1361 2468 accedit,
1424 2407 1496 2454 ut
1562 2392 1655 2455 sic
1722 2391 2076 2477 particulae
2140 2384 2389 2481 ὥσπερ
2449 2413 2565 2455 sua
2608 2390 2707 2453 vis

423 2515 557 2555 non
603 2505 917 2570 servetur,
963 2505 1038 2555 ut
1081 2491 1260 2555 Weil
1305 2490 1786 2556 animadvertit.

594 2591 806 2670 Quum
840 2595 1030 2677 freno
1078 2593 1230 2677 equi
1273 2608 1584 2679 regantur
1628 2606 1695 2656 et
1736 2592 2062 2655 voluntati
2099 2591 2445 2654 hominum
2477 2614 2705 2677 parere

420 2644 1093 2779 cm
1111 2693 1265 2756 inde
1336 2707 1596 2779 sumpta
1662 2693 1742 2756 ad
1807 2692 1897 2769 id,
1957 2692 2133 2777 quod
2180 2692 2376 2778 cogit,
2424 2700 2704 2766 co‘e'rcet,

420 2793 557 2856 vim
603 2792 810 2870 affert,
854 2793 1316 2857 illustrandum
1363 2808 1513 2879 apta
1558 2808 1677 2857 est.
1755 2791 2062 2879 χαλινοί
2094 2806 2416 2857 vocantur
2461 2815 2537 2855 ea
2565 2793 2711 2855 vin·

420 2894 587 2970 cula,
657 2893 890 2978 quibus
951 2893 1382 2959 Prometheus
1430 2895 1509 2958 ad
1554 2917 1785 2981 rupem
1833 2894 2072 2957 affixus
2121 2906 2238 2972 est,
2287 2894 2502 2957 Prom.
2550 2895 2705 2958 562:

427 2995 587 3060 τίνα
641 2994 773 3087 φοῦ
823 2987 1155 3060 λεύσσειν
1207 2988 1420 3061 τόνδε
1461 2993 1798 3081 χαλινοῖς
1841 2988 1917 3061 ἐν
1969 2995 2414 3081 πετρίνοισιν
2447 3014 2710 3079 χειμα-

421 3089 1062 3177 ζόμενονς-Ιῑθῐῃ
1107 3096 1464 3174 vinculum,
1512 3119 1642 3182 quo
1692 3121 1761 3160 os
1807 3096 2213 3182 Iphigeniae,
2247 3118 2446 3181 quum
2475 3096 2709 3158 immo—

420 3196 684 3273 laretur,
728 3196 1159 3282 praeligatum
1208 3211 1326 3276 est,
1373 3221 1456 3261 ne
1493 3197 1980 3261 exsecrationes
2013 3197 2361 3274 emitteret,
2394 3199 2522 3282 Ag.
2555 3197 2705 3260 239:

423 3295 555 3383 βίᾳ
595 3296 933 3382 χαλινῶν
986 3289 1371 3385 τὀῗναύδῳ
1417 3299 1643 3385 με’νει.
1697 3335 1782 3347 -
1849 3298 1983 3360 Vim
2036 3308 2337 3382 coqentem
2379 3297 2709 3383 significat

425 3397 641 3461 Prom.
689 3400 838 3462 672:
885 3389 1069 3464 ἀλλ’
1095 3393 1548 3487 ἐπηνάγκαζέ
1592 3420 1704 3463 νιν
1747 3391 1929 3485 Διὸς
1961 3391 2269 3482 χαλινὸς
2307 3391 2495 3484 πρὸς
2535 3395 2710 3476 βίαν

424 3492 778 3581 πράσσειν
809 3493 1002 3566 τάδε.
1034 3539 1119 3548 -
1147 3502 1274 3586 Ag.
1311 3501 1472 3565 1066
1497 3500 1909 3564 contumacia
1932 3499 2331 3563 Cassandrae
2355 3499 2446 3562 ita
2470 3499 2707 3562 descri-

420 3598 630 3663 bitur:
679 3596 997 3685 χαλινὸν
1050 3593 1130 3666 ‹5’
1158 3594 1296 3667 οὐκ
1339 3595 1717 3667 ἐπίσταται
1764 3599 2034 3693 φέρειν,
2079 3595 2251 3689 πρὶν
2295 3592 2710 3687 αἱματηρὸν

426 3694 956 3795 ἐξαφρίζεσθαι
1002 3701 1247 3788 μένος.
1336 3700 1562 3788 Imago
1608 3701 1814 3787 petita
1857 3714 1958 3765 est
2002 3701 2079 3764 ab
2128 3700 2313 3785 equis
2342 3700 2704 3774 indomitis,

422 3802 557 3886 qui,
606 3825 805 3886 quum
850 3803 1110 3866 frenum
1156 3801 1237 3865 iis
1284 3801 1603 3886 injectum
1652 3815 1769 3876 est,
1816 3800 2127 3865 ferociter
2169 3825 2430 3886 spumas
2474 3802 2543 3865 in
2593 3823 2704 3865 ore

422 3916 629 3988 agunt
671 3926 886 3988 neque
932 3904 1111 3989 prius
1158 3915 1408 3988 parent,
1456 3926 1649 3988 quam
1696 3902 2004 3966 ferocitas
2037 3925 2262 3964 eorum
2294 3902 2709 3988 despumavit

423 4018 493 4066 et
555 4002 849 4067 habenae
916 4016 1048 4066 tam
1114 4002 1543 4068 vehementer
1599 4004 1916 4067 adductae
1976 4015 2147 4079 sunt,
2193 4016 2266 4066 ut
2311 4002 2574 4090 sanguis
2622 4025 2707 4065 ex

562 4133 605 4197 ¹)
643 4133 773 4181 Onfr
838 4132 1154 4193 schonborn,
1217 4133 1314 4180 Die
1367 4132 1537 4181 Skene
1589 4132 1683 4180 der
1734 4131 2004 4180 Hellenen.
2061 4130 2229 4195 Leipz.
2286 4133 2429 4192 1858,
2485 4148 2533 4195 p.
2591 4132 2707 4181 217.

420 4217 705 4276 Wecklein,
744 4217 962 4266 Studien
998 4232 1061 4265 zu
1095 4217 1398 4279 Aeschylus.
1469 4216 1605 4264 Berl.
1646 4216 1790 4276 1872,
1828 4231 1877 4278 p.
1915 4218 1961 4265 9.
