3134 4842
2550 199 2628 261 51

419 365 708 452 intelligi
752 389 886 429 non
928 364 1158 450 possit.
1241 365 1459 427 Locos
1488 363 1661 439 illos,
1694 386 1859 448 quos
1894 387 2089 450 supra
2120 365 2327 440 attuli,
2362 364 2716 450 diligenter

340 519 345 524 .
422 466 825 530 examinanti
892 480 959 529 et
1020 466 1195 529 inter
1261 489 1328 529 se
1397 464 1803 549 comparanti
1871 480 2168 550 apertum
2235 463 2399 527 mihi
2454 466 2716 530 videtur

422 566 829 652 Aeschylum
883 567 953 629 in
1008 566 1089 629 iis
1138 566 1444 630 omnibus
1492 559 1913 640 ἕπανθιζειν
1957 566 2186 628 eadem
2232 567 2299 628 vi
2344 589 2713 652 usurpasse.

422 668 569 730 Mea
617 667 945 732 sententia
990 691 1093 731 res
1138 666 1231 730 ita
1261 690 1328 729 se
1361 666 1586 730 habet:
1622 665 1775 751 quia
1804 657 2070 731 ἀνθεῖν
2094 666 2385 752 imagine
2417 666 2714 730 florentis

420 768 682 853 plantae
739 769 847 831 vel
904 768 1153 832 arboris
1202 768 1590 831 obversante
1638 768 1707 830 in
1756 765 2309 851 significationem
2356 769 2717 831 abundandi

419 870 1013 955 transmigraverat,
1059 868 1253 931 facile
1301 868 1446 932 fieri
1490 868 1729 953 potuit,
1763 882 1837 931 ut
1856 861 2289 943 ,ἐπανθιζειν
2315 868 2448 930 vim
2479 868 2716 932 transi-

421 969 622 1033 tivam
669 969 768 1032 illi
812 969 1286 1045 intransitivae,
1335 991 1499 1054 quae
1545 968 1613 1031 in
1645 961 1911 1033 ἄνθιςῖν
1938 968 2170 1044 inerat,
2200 970 2714 1053 respondentem

422 1071 769 1156 acciperet,
815 1071 1081 1155 propria
1109 1070 1175 1132 vi
1206 1069 1595 1155 posterioris
1625 1069 1979 1153 compositi
2011 1070 2232 1155 partis,
2267 1069 2321 1132 si
2353 1093 2488 1132 non
2519 1070 2714 1156 plane

423 1171 770 1247 exstincta,
817 1185 884 1235 at
925 1186 1147 1235 tamen
1193 1193 1403 1256 paene
1452 1171 1814 1234 obscurata.
1902 1169 2135 1255 Neque
2182 1170 2385 1255 igitur
2423 1171 2503 1234 de
2537 1194 2718 1234 coro-

424 1271 642 1336 nando
688 1270 957 1335 fioribus
1003 1294 1219 1356 neque
1269 1271 1349 1334 de
1397 1271 1727 1356 carpendo
1776 1270 2203 1356 cogitandum
2251 1286 2369 1348 est,
2417 1271 2533 1335 sed
2576 1294 2719 1333 ver-

423 1373 725 1435 tendum:
780 1372 1014 1453 faeere,
1080 1384 1147 1435 ut
1210 1373 1473 1435 abundet
1524 1372 1784 1456 aliquid,
1830 1373 2071 1436 abunde
2113 1372 2355 1456 aliquid
2397 1373 2609 1457 aliqua
2651 1395 2721 1438 re

424 1485 635 1559 teyere.
741 1473 842 1537 Ita
898 1495 1127 1537 omnes
1173 1472 1273 1535 illi
1317 1473 1449 1536 loci
1496 1473 1742 1558 optime
1790 1472 2224 1557 explicantur.
2334 1467 2717 1559 ἐπηνθίσω

424 1563 606 1659 αἷμα
679 1587 806 1637 est:
875 1573 1134 1659 piaculo
1193 1572 1390 1649 caede
1453 1574 1803 1637 commissa
1857 1587 1921 1636 te
1970 1574 2228 1637 abunde
2274 1573 2521 1650 texisti,
2568 1574 2611 1636 i.
2659 1597 2716 1638 e.

425 1675 634 1738 multo
701 1674 960 1759 piaculo
1014 1689 1080 1736 te
1141 1674 1573 1738 obstrinxisti.
1663 1674 1761 1736 Ne
1811 1674 1954 1758 quis
2000 1675 2067 1736 in
2116 1675 2486 1738 accusativo
2535 1664 2719 1759 αᾷια

428 1774 739 1848 offendat,
801 1797 1041 1838 moneo
1099 1775 1299 1838 verba
1340 1777 1581 1859 teyendi
1621 1774 1954 1838 interdum
2000 1775 2092 1838 ita
2137 1776 2448 1851 construi,
2494 1788 2568 1839 ut
2612 1775 2718 1838 da·

424 1877 597 1938 tivus
668 1875 809 1959 ejus
868 1875 982 1952 rei,
1042 1899 1223 1961 quam
1260 1889 1440 1962 tegat
1483 1875 1740 1961 aliquis,
1788 1875 2197 1939 accusativus
2245 1876 2385 1960 ejus
2432 1876 2547 1952 rei,
2593 1899 2719 1961 qua

424 1991 620 2062 tegat,
669 1988 1007 2060 sequatur3
1052 1974 1237 2040 velut
1280 1992 1541 2061 praeter
1581 1969 1978 2042 καλύπτειν
2023 1970 2188 2040 τινά
2215 1997 2352 2041 τινι
2383 1977 2719 2039 invenitur

424 2077 619 2141 etiam
685 2069 1082 2142 καλύπτειν
1148 2076 1296 2142 τινί
1341 2097 1430 2142 τι.
1520 2077 1691 2140 Vide
1751 2077 1949 2140 Hom.
1996 2077 2071 2140 Il.
2121 2078 2177 2153 5,
2225 2078 2377 2153 3153
2428 2079 2526 2154 21,
2574 2079 2717 2142 321.

423 2171 716 2244 πόνοισι
779 2171 1312 2255 ἐπανθίσαντες
1373 2171 1635 2264 γενεάν
1689 2177 2044 2262 significat:
2111 2182 2222 2263 qui
2257 2189 2494 2263 yentem
2540 2179 2719 2242 malis

421 2280 725 2342 obruistis,
816 2278 1003 2356 Quod
1053 2280 1132 2342 ad
1179 2277 1476 2365 Choeph.
1527 2281 1648 2342 150
1693 2279 1946 2357 attinet,
2004 2301 2395 2363 quamquam
2440 2279 2717 2343 fortasse

423 2384 781 2454 κωκυτοῖς
808 2374 1226 2455 ἐπανθίζειν
1253 2380 1557 2463 παιᾶνα,
1591 2380 1887 2464 hymnum
1917 2380 2446 2444 lamentationibus
2466 2380 2717 2465 replere,

427 2480 559 2543 dici
603 2492 876 2565 poterat,
922 2495 1164 2556 tamen,
1225 2481 1377 2565 quia
1431 2481 1522 2543 sic
1591 2474 2102 2565 ἐξαυδωμένας
2154 2479 2351 2541 nimis
2405 2480 2716 2566 languide

432 2580 839 2663 adjiceretur,
905 2581 1182 2645 inclinat
1247 2581 1547 2656 animus,⁸
1590 2595 1664 2644 ut
1729 2580 1976 2643 Weilio
2041 2580 2358 2643 assentiar
2417 2581 2716 2643 lacunam

430 2695 580 2765 post
622 2673 853 2766 νόμος
897 2682 1232 2757 statuenti,
1275 2681 1658 2768 praesertim
1694 2703 1893 2765 quum
1927 2680 2092 2744 ratio
2128 2680 2512 2744 antithetica
2539 2680 2711 2744 idem

432 2783 778 2845 ostendere
844 2784 1162 2847 videatur.
1236 2821 1320 2829 -—
1381 2782 1598 2845 Etiam
1666 2782 1939 2845 verbum
2006 2772 2470 2864 ἅπανθίζειν,
2539 2782 2715 2865 quod

428 2882 817 2967 interpretes
857 2883 1132 2946 multum
1175 2883 1458 2958 vexavit,
1493 2882 1806 2946 facillime
1847 2882 2233 2968 explicatur,
2268 2882 2321 2945 si
2352 2881 2715 2968 posteriore

428 2984 779 3068 compositi
845 2999 1026 3069 parte
1094 2983 1262 3047 nihil
1315 2983 1443 3046 nisi
1496 2983 1961 3047 abundantiam
2021 2983 2346 3068 quandam
2404 2982 2718 3046 declarari

427 3085 789 3147 statuimus,
866 3087 994 3170 Ag.
1028 3087 1219 3147 1662:
1265 3076 1462 3150 ἀλλὰ
1495 3078 1730 3151 toto&
1744 3076 1765 3100 ’
1804 3078 1969 3170 ἐμοὶ
1999 3084 2331 3169 ματαίαν
2366 3080 2718 3171 γλῶσσαν

428 3169 546 3248 (ὖὸ
561 3181 579 3202 '
636 3177 1075 3267 ἀπανθίσαι,
1129 3189 1375 3249 inanem
1439 3185 1736 3270 linquam,
1781 3185 1823 3247 i.
1885 3208 1938 3247 e.
1997 3185 2319 3249 maledieta
2362 3194 2569 3246 eontra
2624 3206 2719 3247 me

424 3286 664 3349 abunde
707 3289 988 3351 emittere.
1077 3287 1277 3350 Notio
1325 3286 1672 3350 emittendi
1717 3287 1785 3348 in
1817 3286 2310 3371 praepositione
2340 3275 2495 3350 ἀπό
2523 3284 2716 3348 inest.

427 3384 670 3449 Omnes
742 3386 878 3450 fere
945 3401 1240 3450 vertunt:
1308 3387 1573 3472 linguae
1633 3386 1865 3449 florem
1913 3386 2289 3471 decerpere.
2382 3383 2510 3448 Sed
2557 3408 2717 3448 num

427 3490 669 3551 inanem
714 3487 959 3573 linyuae
995 3488 1223 3572 florem
1266 3489 1584 3573 decerpere
1629 3511 1776 3573 pro:
1822 3490 2039 3550 inania
2084 3510 2153 3549 ae
2197 3508 2356 3548 vana
2386 3485 2555 3570 loqui
2585 3485 2717 3549 dici

426 3587 651 3671 possit,
700 3588 950 3662 dubitO.
995 3627 1079 3635 —-
1122 3588 1355 3674 Neque
1403 3588 1609 3673 magis
1660 3586 1887 3674 Suppl.
1922 3589 2029 3651 73:
2078 3579 2349 3675 γοεδνὰ
2395 3577 2718 3651 δ’ἇνθε-

418 3685 726 3773 ,ιιίζομαι
782 3712 930 3752 cum
987 3689 1338 3753 scholiasta
1386 3689 1536 3754 τῶν
1589 3683 1799 3776 γόων
1857 3681 1942 3754 τὸ
1996 3684 2243 3763 ἄνθος
2292 3678 2716 3776 ἄποδρέπο-

418 3809 583 3870 μαι,
620 3789 848 3873 florem
913 3789 1302 3875 querelarum
1347 3812 1552 3874 carpo,
1599 3789 1930 3876 explicare
1977 3789 2151 3864 volO,
2199 3788 2313 3852 sed
2359 3787 2452 3852 ita
2494 3800 2712 3850 verto:

425 3889 698 3972 querelas
741 3891 982 3954 abunde
1024 3893 1152 3955 edo,

596 3991 623 4071 ξ
671 3991 727 4053 2.
784 3990 1079 4055 Verbum
1126 3984 1468 4072 θάλλειν,
1517 3990 1694 4075 quod
1742 3990 1822 4053 de
1856 3990 2096 4077 plantis
2128 3990 2613 4054 luxuriantibus
2647 4003 2714 4052 et

424 4089 791 4154 virentibus
858 4092 1118 4178 proprie
1187 4091 1445 4167 dicitur,
1502 4090 1582 4153 ad
1648 4091 1805 4155 alias
1871 4115 1974 4155 res
2040 4091 2131 4154 ita
2183 4090 2594 4167 transfertur,
2639 4104 2716 4153 ut

428 4190 698 4255 omnino
746 4193 946 4275 viyere
990 4192 1333 4279 exprimat.
1417 4191 1644 4277 Suppl.
1676 4194 1831 4255 854:
1869 4186 2163 4279 μήποτε
2200 4183 2427 4256 πάλιν
2468 4181 2713 4277 ἴδοιμ’
