3134 4842
2500 176 2577 237 77

365 335 490 408 καὶ
541 336 734 407 ἔνθα
797 339 924 433 sibi
988 339 1411 425 respondent.
1520 339 1725 425 Apud
1789 338 2198 425 Aeschylum
2251 338 2415 404 haec
2480 360 2666 423 repe-

369 441 628 505 riuntur
694 441 1019 527 exempla
1107 442 1277 526 Ag.
1307 441 1471 503 1142
1517 440 1598 502 de
1648 438 2029 518 Cassandra,
2087 463 2251 526 quae
2300 441 2380 504 de
2425 439 2667 503 misera

373 565 489 606 sua
531 554 705 605 sorte
753 555 820 604 et
865 555 1076 605 morte
1122 540 1308 605 brevi
1353 540 1576 603 futura
1620 553 1850 625 questa
1896 554 2025 604 est:
2068 533 2290 659 ἄιιφὶ
2342 532 2424 606 δ’
2430 535 2665 614 αὐτοῖς

375 639 630 735 θροεῖς
704 636 944 726 νόμον
1016 639 1333 727 ἄνομον,
1399 630 1526 706 οἱοὶ
1579 659 1685 716 τις
1737 635 1987 735 ξουθὰ
2042 633 2399 732 ἀκόρετος
2447 640 2661 724 βοᾶς,

371 743 540 837 φεῦ,
596 741 975 819 ταλαίναις
1029 736 1292 836 φρεσὶν
1333 736 1541 808 Ἴτυν
1584 737 1793 807 Ἴτυν
1845 735 2192 811 στένουσ’
2245 735 2648 837 αμφιθαλι

365 850 617 920 κακοῖς
658 837 916 928 αηδών
943 841 1136 926 βίον.
1166 882 1250 890 —-
1283 840 1508 928 Suppl.
1542 843 1643 920 58,
1673 843 2027 922 Danaides,
2060 857 2406 930 postquam
2438 843 2661 929 fugam

369 969 553 1008 suam
610 968 695 1009 ex
749 944 961 1030 patria
1015 956 1081 1007 et
1124 943 1632 1007 insectationem
1679 944 2221 1011 consobrinorum
2266 945 2662 1009 lamentatae

369 1059 542 1123 sunt,
590 1044 836 1123 dicunt,
883 1044 938 1108 si
982 1068 1190 1131 augur
1231 1044 1509 1121 adesset,
1543 1068 1695 1107 eum
1728 1058 1991 1108 cantum
2022 1044 2314 1110 flebilem
2341 1045 2664 1109 lusciniae

368 1145 596 1209 audire
643 1145 769 1210 sibi
812 1145 1026 1209 visum
1071 1145 1181 1208 iri:

624 1295 689 1362 εἰ
736 1290 814 1361 δὲ
862 1302 1074 1387 κυρεῖ
1120 1315 1224 1371 τις
1275 1294 1501 1372 πέλας
1552 1290 2049 1363 οἰωνοπόλων

623 1391 922 1485 έγγοῖιος
974 1383 1225 1463 οἶκτον
1276 1389 1491 1481 αἵων,

623 1490 921 1576 δοξάσει
976 1518 1082 1574 τις
1132 1490 1434 1564 ακούειν
1486 1493 1640 1564 ὄπα
1694 1518 1824 1573 τας
1884 1494 2192 1589 Τηρεΐας

616 1592 929 1686 μήτιδος
981 1598 1279 1688 οἰκτρας
1328 1591 1646 1684 ἀλόχου,

620 1693 1065 1818 κιρκηλοξτας
1116 1692 1458 1787 αηδόνος,

622 1793 754 1867 α’τ”
781 1793 933 1868 απὸ
979 1794 1265 1903 χαίρων
1316 1800 1687 1887 ποταμῶν
1739 1792 1819 1865 τ’
1844 1795 2212 1889 ἐργομένα

623 1898 892 1969 πενθεῖ
933 1902 1097 1968 νέον
1153 1903 1403 1968 οἶκτον
1455 1894 1734 1989 ἠθέων.

625 1999 1014 2092 ξυντίθησι
1069 1998 1147 2069 δὲ
1196 1998 1464 2079 παιδὸς
1508 1996 1782 2093 μόρον,
1839 2023 1942 2079 ως
1994 1993 2450 2098 αὐτοφόνως

627 2100 867 2170 ωλετο
918 2099 1108 2193 πρὸς
1147 2098 1401 2193 χειρὸς
1451 2101 1631 2171 ἕθεν

625 2198 1103 2296 δυσμάτορος
1151 2199 1380 2271 κότου
1435 2225 1706 2291 τυχων·

626 2326 775 2380 τως
821 2301 943 2372 καὶ
995 2301 1142 2395 ἐγώ
1202 2300 1660 2400 φιλόδυρτος
1706 2297 2091 2371 ΗΙαονιοισι
2143 2299 2440 2393 νόμοισι

628 2399 887 2474 δάπτω
942 2429 1078 2473 ταν
1129 2401 1434 2474 απαλαν
1484 2428 1801 2498 παρειαν
1849 2403 1993 2472 κτὲ.

373 2554 675 2632 Utroque
732 2557 800 2621 in
847 2557 995 2622 loco
1042 2583 1191 2623 cum
1235 2558 1518 2622 luscinia
1562 2559 1645 2622 ob
1690 2557 1943 2621 luctum
1989 2570 2056 2621 et
2099 2556 2415 2634 dolorem,
2464 2581 2660 2642 quem

376 2669 604 2721 cantus
650 2659 792 2741 ejus
837 2660 1078 2745 prodit,
1125 2659 1685 2746 comparationem
1718 2658 1860 2722 fieri
1891 2671 2090 2744 patet.
2166 2657 2473 2721 Ceterum
2506 2659 2660 2723 vide

370 2756 563 2835 infra,
620 2760 733 2823 ubi
788 2759 997 2824 fusius
1042 2759 1174 2824 hos·
1207 2761 1392 2824 locos
1440 2759 1938 2846 explicabimus.
2024 2758 2235 2822 Aliud
2280 2759 2659 2845 exemplum

372 2872 474 2922 est
516 2858 623 2922 Fr.
669 2860 821 2923 42οε
882 2856 1152 2949 θρηνεῖ
1195 2855 1272 2926 δὲ
1323 2854 1512 2949 γόον
1565 2854 1698 2926 τὸν
1748 2852 2125 2946 ἀηδόνιον.
2213 2859 2396 2924 Inter
2440 2883 2662 2923 exem-

368 2958 479 3044 pla
545 2961 841 3044 ejusdem
908 2961 1234 3048 imaginis,
1302 2984 1465 3046 quae
1533 2961 1741 3024 multa
1798 2961 2001 3026 ceteri
2043 2961 2277 3047 tragici
2323 2959 2659 3037 exhibent,

368 3060 525 3123 satis
572 3074 674 3124 est
718 3061 948 3124 afferre
998 3061 1196 3150 Soph.
1240 3062 1345 3125 El.
1392 3064 1533 3126 107.

539 3162 713 3244 §IL
813 3161 925 3224 Bis
1003 3162 1375 3248 Aeschylus
1450 3162 1623 3251 filios
1691 3162 1987 3249 Aegypti
2046 3161 2377 3224 Danaides
2443 3184 2664 3247 perse-

369 3274 650 3346 quentes
697 3286 845 3325 cum
890 3266 1283 3350 accipitribus
1324 3263 1672 3354 (κίρκοις),
1716 3263 1827 3347 qui
1870 3263 2176 3326 columbas
2206 3262 2475 3347 agitant,
2509 3286 2661 3325 con-

368 3361 516 3425 fert.
604 3361 836 3447 Neque
882 3363 1045 3428 haec
1074 3365 1294 3451 imago
1328 3389 1515 3428 suum
1551 3363 1725 3451 apud
1756 3363 2122 3427 Homerum
2155 3362 2493 3447 exemplar
2521 3387 2658 3426 non

369 3460 586 3540 habet,
634 3465 820 3548 cujus
868 3466 949 3528 ad
994 3465 1494 3529 similitudinem
1541 3487 1856 3550 expressa
1899 3463 2012 3539 sit3
2068 3462 2218 3526 vide
2265 3462 2341 3526 Il.
2390 3465 2488 3539 17,
2538 3464 2659 3527 755

374 3574 441 3624 et
481 3565 865 3648 praesertim
912 3569 1010 3642 22,
1059 3568 1200 3643 139,
1238 3567 1352 3630 ubi
1382 3565 1683 3629 Achilles
1713 3564 1805 3628 ita
1833 3563 1903 3626 in
1934 3563 2291 3627 Hectorem
2324 3563 2658 3627 incurrere

373 3661 630 3743 dicitur,
697 3678 770 3729 ut
836 3666 1150 3753 accipiter
1213 3666 1283 3729 in
1345 3654 1747 3741 columbam3
1813 3664 1927 3750 qui
1970 3664 2254 3727 maxime
2299 3664 2482 3728 locus
2529 3667 2661 3727 Ae-

371 3761 601 3848 schylo
649 3766 1032 3830 obversatus
1074 3790 1217 3831 esse
1248 3767 1529 3844 videtur,
1562 3788 1956 3851 quamquam
1982 3765 2077 3830 ibi
2103 3765 2369 3828 tertium
2399 3788 2660 3851 compa-

370 3863 643 3928 rationis
713 3865 881 3930 nihil
950 3868 1080 3932 nisi
1143 3867 1439 3932 celeritas
1508 3880 1628 3944 est,
1683 3865 2057 3951 Aeschylus
2115 3879 2330 3928 autem
2377 3865 2662 3952 appella-

368 3964 549 4029 tione
618 3967 1003 4053 accipitrum
1061 3969 1234 4033 filios
1292 3968 1590 4054 Aegypti
1634 3968 2049 4053 importunos
2096 3979 2162 4029 et
2206 3965 2503 4030 crudeles
2551 3965 2660 4028 de-

367 4065 619 4145 scribit,
695 4069 1184 4154 comparatione
1254 4070 1705 4133 columbarum
1783 4067 2240 4132 infirmitatem
2306 4066 2660 4153 virginum,

367 4188 532 4251 quae
602 4190 671 4230 se
737 4167 919 4254 ipsae
985 4170 1156 4233 tueri
1221 4194 1358 4234 non
1422 4182 1721 4257 possunt,
1774 4167 2042 4233 indicat.
2129 4167 2343 4231 Prom.
2390 4168 2541 4232 856:
2588 4167 2670 4232 οἱ
