3134 4842
2532 172 2610 236 29

563 340 1005 425 Quaecunque
1053 340 1134 404 de
1181 363 1487 405 sermone
1519 339 1842 426 Aeschyli
1873 352 2293 426 quaeruntur,
2324 339 2487 404 vitia
2517 338 2695 403 codi-

396 464 544 506 cum
610 441 924 527 plurimas
993 453 1060 504 et
1124 441 1442 505 maximas
1512 440 1940 504 difficultates
1988 439 2288 504 afferunt.
2380 440 2695 505 Omnium

394 543 591 619 enim,
648 541 761 627 qui
804 555 1205 619 manserunt,
1251 529 1551 606 veterum
1599 539 1994 627 scriptorum
2037 541 2154 603 vix
2199 540 2541 626 quisquam
2573 554 2694 618 est,

394 643 580 727 cujus
646 654 869 706 textus
937 643 1015 706 ab
1080 642 1308 707 insciis
1376 655 1443 706 et
1506 641 1999 728 negligentibus
2054 641 2334 706 librariis
2392 641 2692 705 miserius

394 743 783 829 depravatus
851 743 954 806 sit.
1050 742 1198 806 Etsi
1243 742 1694 808 confitendum
1742 757 1842 806 est
1886 766 2088 829 opera
2132 742 2479 806 doctorum
2522 741 2695 805 viro-

391 867 556 921 rum,
605 843 717 928 qui
761 843 830 907 in
873 842 1211 930 Aeschylo
1255 843 1751 930 interpretando
1796 843 2038 907 versati
2082 855 2254 921 sunt,
2298 842 2505 907 multa
2549 864 2692 905 esse

392 942 677 1009 feliciter
743 944 1106 1021 emendata,
1169 945 1376 1008 multa
1440 944 1772 1009 subtiliter
1839 944 2185 1030 explicata,
2241 943 2431 1030 plura
2471 956 2692 1007 tamen

395 1044 772 1109 etiamnunc
817 1057 1066 1108 restant
1110 1058 1223 1109 aut
1264 1046 1516 1109 incerta
1560 1057 1673 1108 aut
1714 1044 1909 1131 plane
1959 1045 2255 1109 obscura.
2342 1044 2421 1107 In
2469 1043 2692 1107 multis

390 1144 558 1210 locis
605 1145 968 1209 scribendis
1000 1145 1109 1209 vel
1135 1145 1649 1232 interpretandis
1684 1145 1972 1209 editores
2004 1145 2076 1209 in
2107 1144 2465 1209 sententias
2497 1144 2692 1231 plane

395 1245 682 1310 diversas
730 1246 1069 1310 discedere
1115 1246 1438 1324 videmus,
1483 1259 1558 1310 ut
1601 1258 1704 1311 tot
1745 1247 1884 1310 fere
1933 1246 2066 1310 sint
2111 1245 2484 1332 opiniones,
2532 1257 2696 1331 quot

393 1346 519 1409 viri
563 1347 643 1410 ad
689 1370 801 1410 eos
848 1346 1280 1433 explicandos
1328 1370 1396 1411 se
1444 1346 1887 1411 contulerunt.
1974 1349 2196 1432 Atque
2242 1359 2317 1410 ut
2360 1346 2572 1410 dicam
2602 1345 2692 1423 id,

396 1446 574 1531 quod
640 1447 877 1525 senti0‚
933 1471 1150 1533 neque
1198 1447 1409 1512 adhuc
1453 1448 1523 1511 in
1569 1446 1691 1511 hac
1736 1471 1804 1511 re
1850 1460 2107 1511 tantum
2153 1447 2526 1533 profectum
2572 1459 2692 1524 est,

393 1560 467 1610 ut
530 1547 743 1612 labori
806 1533 1111 1635 impenso
1177 1549 1595 1635 respondeat,
1663 1571 1879 1633 neque
1948 1548 2194 1634 sperari
2259 1560 2483 1634 potest
2524 1547 2692 1625 fore,

393 1661 467 1711 ut
508 1661 730 1713 textus
777 1647 1098 1735 Aeschyli
1142 1673 1452 1735 umquam
1496 1649 1567 1712 in
1611 1649 1944 1735 integrum
1986 1649 2386 1712 restituatur.
2476 1646 2693 1725 Quum

392 1747 465 1811 in
508 1761 688 1812 tanta
722 1750 1035 1814 varietate
1067 1750 1433 1814 lectionum
1463 1773 1670 1814 unum
1704 1749 2029 1835 quendam
2065 1749 2388 1812 editorem
2419 1771 2691 1813 necesse

396 1848 481 1913 sit
545 1850 784 1935 sequi„
809 1873 1071 1937 semper
1113 1851 1327 1938 primo
1374 1851 1522 1915 loco
1570 1874 1713 1913 eam
1758 1850 2117 1915 lectionem
2163 1848 2450 1926 afferam,
2497 1872 2690 1934 quam

389 1947 690 2015 Dindorf
758 1950 828 2013 in
906 1951 1198 2015 editione
1273 1975 1390 2016 sua
1457 1950 1754 2015 omnium
1819 1950 2142 2035 Aeschyli
2206 1950 2693 2036 tragoediarum

394 2050 705 2137 (Lipsiae,
767 2052 956 2135 1869)
1013 2051 1230 2116 habet.
1327 2052 1628 2116 Eandem
1689 2051 1888 2115 etiam
1931 2052 2001 2115 in
2046 2051 2337 2115 numeris
2383 2073 2692 2115 versuum

396 2150 846 2216 adscribendis
915 2176 1167 2238 sequar.
1281 2153 1411 2216 Sed
1478 2152 1676 2217 etiam
1745 2153 1904 2238 quid
1969 2152 2082 2216 alii
2148 2152 2327 2216 docti
2390 2151 2535 2229 viri,
2581 2152 2694 2237 qui

394 2252 734 2338 Aeschylo
784 2253 1179 2339 explicando
1230 2277 1496 2339 operam
1541 2266 1882 2331 navarunt,
1930 2253 2010 2316 de
2055 2253 2222 2317 locis
2270 2276 2307 2316 a
2344 2276 2448 2316 me
2482 2253 2692 2316 allatis

397 2353 908 2430 existimassent,
954 2353 1443 2440 respiciendum
1491 2378 1634 2419 esse
1669 2354 1849 2432 duxi,
1882 2354 2265 2440 praesertim
2300 2377 2499 2440 quum
2532 2353 2694 2417 Din-

399 2452 555 2516 dorf
591 2477 627 2517 a
672 2454 899 2518 codice
945 2454 1274 2533 Mediceo,
1323 2478 1358 2517 a
1404 2478 1553 2540 quo,
1599 2468 1674 2518 ut
1711 2455 2027 2532 omnium,
2058 2454 2172 2539 qui
2202 2467 2484 2531 exstant,
2519 2454 2694 2518 codi-

400 2576 548 2616 cum
613 2554 989 2641 archetype,
1059 2579 1324 2619 omnem
1389 2556 1715 2619 rationem
1770 2555 2063 2619 criticam
2107 2555 2397 2641 pendere
2446 2568 2691 2632 censet,

393 2652 727 2719 interdum
759 2655 940 2719 nulla
970 2655 1363 2720 necessitate
1398 2670 1677 2742 cogente
1710 2655 2050 2719 discedere
2082 2655 2435 2719 videretur.
2483 2653 2692 2732 Quam

400 2754 483 2818 ob
548 2779 688 2820 rem
758 2755 1069 2834 Schutzii,
1134 2755 1800 2834 Hermanni‚'Weilii
1845 2756 2172 2820 editiones
2222 2756 2517 2820 omnium
2562 2758 2694 2820 Ae-

396 2855 607 2942 schyli
654 2857 1015 2921 carminum
1062 2881 1322 2943 semper
1368 2858 1741 2944 comparavi
1788 2870 1850 2921 et
1880 2869 2141 2943 praeter
2170 2855 2286 2921 has
2321 2857 2691 2942 complures

397 2955 726 3021 editiones
793 2958 1199 3044 singularum
1266 2958 1749 3045 tragoediarum
1815 2971 2009 3044 atque
2070 2958 2268 3022 etiam
2322 2957 2563 3021 multos
2611 2958 2692 3022 de

393 3056 561 3121 l'ocis
606 3058 884 3144 singulis
933 3060 1439 3124 commentarios
1481 3059 1766 3146 inspexi.
1839 3059 1941 3123 Ne
1972 3072 2194 3124 tamen
2219 3060 2401 3144 justo
2432 3058 2692 3144 longior

395 3180 629 3237 essem,
698 3182 840 3222 eam
909 3160 1071 3223 mihi
1133 3160 1421 3247 imposui
1485 3160 1726 3246 legem,
1779 3172 1853 3223 ut
1905 3159 2231 3224 lectiones
2278 3184 2313 3223 a
2356 3158 2688 3222 Dindorfii

396 3257 845 3346 discrepantes
910 3273 1052 3323 tum
1121 3260 1335 3324 solum
1403 3259 1723 3337 afferrem,
1792 3283 1991 3345 quum
2059 3261 2141 3325 iis
2195 3261 2294 3324 vis
2354 3273 2420 3324 et
2463 3273 2695 3323 natura

392 3358 601 3445 ipsius
645 3360 953 3447 imaginis
998 3374 1247 3424 mutata
1288 3362 1644 3439 videretur,
1691 3384 1906 3446 neque
1951 3374 2091 3424 tum
2125 3385 2412 3448 semper;
2457 3360 2691 3425 inutile

397 3460 574 3524 enim
622 3474 689 3525 et
726 3466 1285 3548 supervacaneum
1317 3463 1545 3549 putavi
1577 3462 1989 3546 conjecturas
2021 3476 2088 3525 et
2114 3462 2692 3548 interpretationes

398 3583 929 3641 commemorare,
998 3586 1156 3648 quas
1225 3563 1379 3627 satis
1447 3564 1525 3627 ab
1594 3562 1739 3626 aliis
1806 3563 2120 3627 refutatas
2180 3586 2321 3626 esse
2377 3562 2691 3627 viderem.

397 3660 507 3725 Me
553 3663 766 3728 nullas
814 3687 850 3727 a
894 3687 999 3727 me
1043 3663 1347 3727 inventas
1390 3664 1802 3748 conjecturas
1832 3663 2184 3751 protulisse
2216 3664 2332 3727 vix
2363 3676 2481 3740 est,
2516 3663 2693 3748 quod

397 3785 723 3827 moneam.
810 3764 975 3827 Nam
1024 3764 1169 3849 quis
1217 3786 1341 3850 ego
1389 3786 1553 3840 sum,
1601 3776 1675 3827 ut
1716 3764 1787 3827 in
1832 3787 1899 3827 re
1946 3776 2079 3827 tam
2127 3763 2405 3842 difficili,
2449 3764 2519 3827 in
2567 3786 2693 3849 qua

395 3874 497 3926 tot
541 3864 793 3951 egregii
837 3865 962 3927 viri
1007 3887 1202 3950 saepe
1250 3864 1491 3929 frustra
1520 3864 1919 3943 laborarunt,
1953 3887 2058 3928 me
2093 3865 2343 3951 aliquid
2372 3864 2691 3951 proficere

394 3984 592 4048 posse
639 3962 943 4029 credam?
1030 3965 1263 4030 Paucis
1300 3965 1484 4043 locis,
1518 3988 1682 4051 quos
1715 3979 1907 4030 antea
1937 3963 2073 4028 non
2103 3980 2281 4030 recte
2312 3965 2690 4029 intellectos

399 4085 542 4128 esse
588 4066 916 4151 putabam,
961 4090 1199 4130 novam
1243 4066 1880 4153 interpretationem,
1911 4066 2048 4130 sive
2080 4065 2387 4131 vocabuli
2418 4065 2691 4149 alicujus

397 4164 537 4228 sive
603 4164 806 4229 totius
860 4166 1012 4244 loci,
1056 4167 1354 4252 proferre
1401 4191 1594 4232 ausus
1641 4190 1805 4244 sum,
1853 4189 2053 4252 quum
2097 4167 2281 4243 haec,
2327 4189 2518 4252 quam
2567 4188 2691 4252 ego
