3134 4842
2592 167 2673 231 35

468 345 664 394 satur.
696 368 780 378 —-
808 329 1014 394 Notio
1032 328 1406 417 felicitatis
1388 352 1458 392 1n
1495 328 1819 393 vocabulo
1853 329 2023 423 φῶς
2043 329 2219 395 inest
2241 331 2440 395 etiam
2466 330 2764 417 Choeph.

470 432 585 495 961
658 445 724 494 et
790 432 942 494 972:
1011 424 1221 516 πάρα
1274 423 1360 495 τὸ
1418 430 1590 521 φῶς
1640 424 1839 496 ἰδεῖν.
1938 430 2062 493 His
2128 432 2367 510 verbis,
2415 433 2653 541 quibus
2697 445 2767 498 et

470 529 739 617 stropha
805 545 872 595 et
938 529 1346 616 antistropha
1415 530 1760 607 clauditur,
1829 530 2067 595 chorus
2133 532 2422 597 breviter
2477 515 2766 599 declarat

467 633 912 696 exsultantem
979 631 1318 710 laetitiam,
1386 654 1581 716 quam
1649 655 1735 695 ex
1801 630 1999 695 caede
2069 630 2628 746 Cly-taemnestrae
2696 647 2764 699 et

466 732 779 819 Aegisthi
845 732 1147 818 percipit.
1200 770 1287 780 —
1330 731 1772 796 Probabiliter
1816 732 2093 797 eandem
2138 732 2272 796 vim
2317 733 2517 798 habet
2562 726 2763 828 φάος

466 833 659 897 Ε11111.
718 834 872 897 521:
921 833 1025 908 τίς
1076 827 1154 899 δὲ
1199 826 1433 920 μηδὲν
1484 826 1560 898 εν
1615 827 1796 924 φάει
1846 828 2159 924 καρδίαν
2208 826 2759 929 ἅνατρέφωνη
2715 830 2760 923 ἢ

462 928 678 1011 πόλις
730 928 1009 1024 βροτός
1064 930 1130 998 θ
1143 925 1457 1019 ’ὁμοίως
1508 932 1591 999 ἔτ
1604 926 1726 999 ’ἂν
1779 931 1986 1014 σέβοι
2040 930 2288 1016 δίκανς
2383 935 2492 1000 Sic
2556 935 2758 1000 Dind.

467 1035 771 1099 codicum
839 1035 1226 1120 scripturam
1294 1030 1607 1112 retinens,
1677 1057 1870 1120 quam
1936 1048 2158 1099 tamen
2212 1059 2407 1100 nemo
2453 1060 2574 1123 pro
2622 1060 2760 1101 cor-

464 1151 656 1220 rupta
684 1159 821 1199 non
852 1135 1068 1200 habet.
1117 1134 1335 1199 Schol.
1359 1135 1828 1221 interpretatur
1855 1130 2349 1226 λαμπρότητι,
2384 1129 2759 1226 ὀρθότητι

467 1238 792 1328 φρενῶν,
839 1237 1012 1300 unde
1075 1235 1387 1320 colligere
1433 1234 1594 1299 licet
1637 1259 1788 1300 eum
1832 1232 2137 1326 καρδίας
2179 1238 2419 1324 legisse
2466 1251 2533 1302 et
2575 1238 2758 1324 geni-

462 1337 674 1400 tivum
707 1356 855 1401 eum
895 1331 1072 1435 φάει
1105 1335 1567 1421 conjunxisse:
1614 1337 1684 1399 in
1714 1338 2040 1423 probitate
2073 1338 2296 1402 animi.
2354 1338 2534 1402 Talis
2565 1362 2756 1403 voca-

463 1437 601 1501 buli
631 1438 848 1501 lucem
878 1436 1312 1523 significantis
1342 1436 1683 1503 translatio
1717 1461 1851 1501 non
1882 1438 2152 1502 insolita
2180 1452 2300 1517 est,
2329 1439 2501 1504 sicut
2531 1453 2759 1504 contra

360 1568 365 1571 ·
465 1562 622 1602 mox
686 1538 1057 1602 videbimus
1127 1537 1535 1622 Aeschylum
1596 1538 1886 1603 animum
1947 1539 2280 1603 crudelem
2326 1553 2394 1604 et
2434 1540 2755 1624 injustum

463 1638 788 1701 obscurum
816 1662 1071 1703 vocare.
1122 1638 1356 1723 Neque
1388 1661 1546 1702 vero
1572 1638 1985 1725 intelligitur,
2013 1640 2346 1725 quomodo
2369 1639 2532 1705 haec
2556 1641 2758 1726 signi·

467 1738 685 1802 ficatio
731 1762 881 1803 cum
927 1738 1160 1803 ceteris
1205 1738 1423 1803 verbis
1454 1753 1795 1824 congruat.
1864 1740 2154 1804 Maxime
2184 1741 2544 1826 probabilis
2575 1740 2754 1805 vide-

466 1854 571 1903 tur
626 1839 1001 1903 emendatio
1060 1838 1306 1916 Weilii,
1367 1839 1481 1924 qui
1525 1839 1785 1904 scribit.
1854 1840 1958 1916 τίς
2008 1835 2087 1907 δὲ
2130 1834 2391 1927 μηδέν’
2445 1862 2521 1913 εν,
2574 1834 2752 1936 φάει

460 1934 764 2027 καρδίας
849 1934 1154 2034 φύλακοι
1236 1938 1531 2029 τρέιιων
1604 1934 1649 2028 ἢ
1720 1935 1938 2018 πόλις
2006 1934 2289 2034 βροτός
2362 1938 2429 2008 19
2441 1934 2755 2027 Ηὸμοιως

458 2033 574 2107 ἔτ’
599 2035 694 2107 ἂν
737 2039 945 2124 σέβοι
991 2037 1200 2107 δίκαν
1242 2054 1311 2105 et
1352 2035 1429 2107 ἐν
1472 2034 1652 2134 φάει
1695 2042 1924 2107 vertit:
1989 2046 2057 2107 in
2098 2044 2279 2108 rebus
2320 2043 2509 2107 laetis.
2578 2042 2752 2121 Quo-

461 2142 927 2228 modocunque
1001 2140 1328 2218 scribitur,
1395 2141 1702 2206 universa
1768 2143 2096 2209 sententia
2162 2143 2362 2208 dubia
2425 2167 2562 2208 non
2625 2157 2757 2208 est.

459 2267 630 2309 nemo
683 2247 891 2329 justus
956 2266 1080 2308 esse
1137 2254 1351 2328 potest,
1405 2247 1517 2328 qui
1567 2267 1690 2308 non
1744 2246 1942 2319 timet5
1998 2268 2193 2330 quam
2239 2244 2635 2309 sententiam
2679 2260 2755 2309 ut

461 2343 981 2408 Atheniensibus
1027 2343 1408 2421 inculcaret,
1454 2343 1572 2407 illo
1604 2344 1752 2431 ipso
1785 2358 2083 2431 tempore
2112 2345 2434 2430 Aeschyli
2464 2332 2752 2410 maxime

461 2443 792 2521 intererat,
839 2445 991 2529 quia
1032 2457 1174 2508 tum
1215 2467 1436 2527 'rerum
1468 2468 1788 2509 novarum
1813 2447 2101 2511 studiosi
2131 2446 2436 2510 homines
2468 2459 2754 2532 potesta-

463 2556 595 2607 tem
642 2545 977 2631 Areopagi
1021 2545 1319 2608 minuere
1365 2544 1700 2609 volebant.
1786 2546 1960 2611 Vide
2004 2571 2066 2610 v.
2116 2548 2269 2611 702:
2317 2546 2422 2623 τίς
2462 2541 2609 2636 γὰρ
2638 2541 2719 2613 δε

465 2639 732 2720 δοικώς
775 2641 1008 2732 μηδὲν
1058 2640 1337 2721 ἔνδικος
1386 2642 1730 2733 βροτοῦνς
1780 2685 1865 2695 -
1909 2648 2085 2711 Pers.
2135 2649 2288 2711 167:
2329 2639 2752 2737 μήτ’ἆχρη-

458 2739 760 2827 μα’τοισι
812 2740 1131 2833 λάμπειν
1183 2746 1374 2839 φὲῦς,
1428 2740 1615 2812 ὅσον
1668 2743 1939 2824 σθένος
1980 2741 2209 2839 πάρα,
2255 2771 2448 2833 neque
2489 2751 2753 2813 carenti-

461 2847 572 2910 bus
614 2848 840 2911 divitiis
881 2859 1119 2911 tantum
1161 2847 1314 2910 lucis
1349 2848 1682 2932 splendere,
1728 2861 2026 2933 quantum
2068 2850 2306 2914 roboris
2347 2852 2427 2914 iis
2469 2853 2565 2923 sit,
2608 2848 2651 2912 i.
2691 2872 2748 2913 e.

460 2971 574 3012 eos
641 2971 777 3012 non
845 2970 1050 3033 aeque
1118 2947 1349 3011 felices
1416 2971 1558 3026 ess—e
1628 2962 1822 3034 atque
1887 2963 2217 3036 potentes.
2272 2988 2358 2998 —
2411 2949 2580 3014 Ibid.
2624 2951 2750 3015 300

459 3051 720 3125 Atossa‚
767 3071 932 3134 quae
980 3072 1065 3111 ex
1109 3047 1347 3112 nuntio
1393 3049 1688 3115 Xerxem
1734 3050 1908 3114 inter
1950 3052 2140 3114 vivos
2184 3073 2326 3114 esse
2360 3050 2632 3128 audivit,
2668 3050 2750 3114 ad

456 3149 772 3215 laetitiam
820 3149 1276 3213 declarandam
1322 3148 1622 3236 imagine
1656 3150 1824 3214 lucis
1869 3151 2105 3216 utitur:

760 3294 960 3385 ἐμοῖς
1006 3293 1145 3384 μὲν
1197 3285 1401 3375 εἶπας
1452 3293 1795 3387 δώμασιν
1847 3294 2051 3395 φάος
2094 3300 2293 3391 μέγα

756 3396 879 3466 καὶ
929 3394 1196 3467 λευκὸν
1248 3398 1448 3491 ἦμαρ
1493 3396 1757 3477 νυκτὸς
1799 3396 1875 3469 ἐκ
1910 3401 2405 3490 μελαγχιμου.

455 3544 717 3627 νυκτὸς
780 3546 857 3617 ἐκ
912 3548 1410 3639 μελαγχιζιιου,
1467 3564 1611 3638 poet
1664 3557 1913 3639 niqram
1963 3563 2209 3629 noctem,
2278 3524 2441 3618 dicit
2484 3556 2747 3632 Atossa‚

457 3653 636 3737 quod
703 3651 894 3716 dictis
961 3652 1179 3716 nuntii
1238 3653 1586 3739 perterrita
1658 3647 2008 3744 (στρατὸς
2082 3648 2228 3743 γὰρ
2294 3654 2439 3731 πᾶς
2502 3649 2749 3721 ὄλωλε

454 3746 877 3841 βαρβάρων
931 3766 1000 3817 et
1041 3753 1187 3829 πᾶς
1228 3745 1726 3821 δ’ἅπαῖλλυτο
1775 3747 2125 3844 στρατός)
2171 3755 2540 3820 crediderat
2584 3754 2748 3818 Xer-

456 3875 609 3917 xem
654 3877 786 3918 una
831 3877 980 3917 eum
1028 3853 1326 3917 exercitu
1369 3853 1723 3920 interiisse.

623 3954 868 4019 Contra
925 3977 1118 4041 saepe
1176 3957 1449 4020 tenebrae
1493 3968 1561 4021 et
1603 3979 1727 4021 noa·
1769 3981 1890 4044 pro
1935 3956 2131 4020 rebus
2177 3956 2475 4021 tristibus
2522 3955 2748 4019 dicun-

453 4069 588 4134 tur;
635 4056 729 4120 sic
773 4055 843 4119 in
889 4055 1226 4120 nonnullis
1274 4079 1503 4120 eorum
1547 4057 1865 4136 locorum,
1913 4080 2078 4144 quos
2124 4079 2320 4142 supra
2363 4056 2571 4134 attuli,
2616 4058 2746 4143 Ag.

454 4158 554 4231 22,
602 4157 745 4232 522,
790 4157 933 4233 900,
980 4156 1157 4219 Pers.
1203 4157 1346 4233 300,
1386 4158 1500 4221 ubi
1543 4181 1682 4222 nox
1721 4158 2075 4223 infortunii
2124 4157 2362 4221 lumini
2409 4155 2747 4222 felicitatis
