3134 4842
2547 251 2627 314 37

426 408 787 482 πάλλεται
831 409 1222 502 κλυδωνίῳ
1267 413 1524 507 (κέαρ).
1615 413 1834 479 Schol.
1881 414 2158 479 fortasse
2201 428 2381 479 recte
2427 416 2716 481 animad-

425 516 651 580 vertit:
698 510 741 604 ἡ
787 510 1200 611 μεταφορὰ
1245 508 1398 582 ἀπὸ
1446 517 1573 604 τῆς
1620 508 2033 603 θαλάσσης,
2079 511 2123 603 ἢ
2168 508 2244 582 έν
2287 517 2396 603 τῷ
2442 511 2716 609 ταράσ-

424 612 695 684 σεσθαι
740 613 1187 701 μελαίνεται.
1272 616 1371 681 Ut
1412 617 1617 703 igitur
1661 639 1855 693 mare,
1903 639 2105 702 quum
2149 629 2351 681 vento
2397 619 2716 697 turbatur,

423 716 762 803 nigrescit,
820 716 1057 781 eodem
1112 717 1313 782 modo
1362 740 1477 781 cor
1521 718 1750 783 dolore
1798 716 2108 781 affectum
2155 717 2491 782 obscurari
2536 719 2716 806 cogi-

422 832 614 883 tatur.
680 856 766 866 --
829 817 925 882 Ut
989 819 1165 903 apud
1220 818 1588 882 Homerum
1652 818 2028 896 Il.1,103
2073 816 2336 912 φρένες
2385 810 2717 913 αμφιμέ-

422 917 670 984 λαιναι
717 918 797 982 de
844 918 1064 982 animo
1110 919 1277 984 irato
1327 919 1587 997 dicitur,
1629 911 2026 995 κελαινός
2009 941 2142 982 irae
2186 918 2493 1004 adjicitur
2520 919 2716 986 Eum.

426 1021 577 1085 832:
644 1019 873 1105 κοίμα
923 1016 1272 1085 κελαινοῦ
1322 1012 1655 1106 κύματος
1693 1013 1960 1109 πικρὸν
1994 1018 2242 1104 μένος.
2293 1013 2495 1106 κύμα
2537 1021 2716 1085 enim

422 1121 535 1185 ira‘
563 1119 1009 1184 Eumenidum
1058 1133 1177 1185 est.

598 1221 804 1307 Saepe
866 1219 1097 1304 μέλας
1165 1232 1232 1285 et
1293 1212 1631 1296 κελαινός
1681 1220 1772 1283 ita
1827 1219 2242 1299 adhibentur,
2285 1235 2360 1285 ut
2401 1221 2483 1285 iis
2529 1221 2717 1287 notio

429 1323 740 1397 horrendi,
806 1324 1027 1387 atrocis
1093 1322 1393 1406 subjecta
1446 1320 1550 1386 sit.
1636 1321 1739 1385 Ita
1784 1320 2011 1406 Suppl.
2057 1322 2168 1386 88:
2229 1320 2550 1410 μελαίνᾳ
2591 1316 2721 1403 ξὺν

431 1416 637 1510 τύχᾳ,
702 1446 841 1486 cum
906 1426 1133 1487 misera
1178 1424 1465 1510 fortuna.
1555 1422 1656 1485 De
1724 1421 1943 1485 Furiis
2000 1423 2128 1507 Ag.
2174 1423 2328 1486 462:
2391 1419 2722 1490 κελαιναὶ

421 1516 770 1612 Ἐρινύες,
816 1525 992 1588 dirae
1035 1524 1286 1588 Furiae.
1377 1522 1555 1641 Sept.
1603 1524 1724 1586 977
1764 1536 1831 1586 et
1867 1523 2019 1586 989.
2063 1515 2363 1602 μέλαιν’
2404 1516 2718 1617 Ἐρινύς.

426 1625 619 1689 Eum.
666 1625 776 1688 52:
816 1621 1162 1710 μέλαιναι
1210 1615 1291 1689 δ’
1297 1619 1367 1700 ές
1396 1618 1497 1703 [τὸ
1540 1624 1690 1689 πᾶν
1715 1616 2284 1741 βδελύκτροποι.
2354 1624 2533 1711 Sept.
2567 1626 2717 1690 832:

431 1710 494 1791 ὦ
533 1723 850 1811 μέλαινα
890 1720 1013 1791 καὶ
1057 1723 1296 1792 τελεία
1339 1706 1588 1812 γένεος
1634 1718 1939 1789 Οἰδίπου
1986 1744 2031 1788 τ
2044 1715 2245 1813 ἀρά.
2340 1727 2464 1811 Ag
2524 1727 2718 1790 1511.

425 1824 654 1907 μέλας
694 1821 945 1916 Αρης,
992 1826 1106 1890 ubi
1150 1826 1324 1889 Mars
1369 1824 1546 1888 idem
1594 1837 1695 1888 est
1738 1837 1931 1910 atque
1978 1816 2363 1911 ἀλάστωρ,
2395 1826 2720 1911 cupiditas

431 1928 647 1992 caedis
691 1927 762 1991 111
808 1940 1006 2013 gente
1054 1939 1433 2013 propagata.
1523 1924 1772 1989 Confer
1818 1925 2014 1989 etiam
2060 1927 2188 2011 Ag.
2229 1927 2378 1989 770:
2430 1921 2723 2016 θράσος

423 2027 779 2113 μελαίνας
798 2022 1307 2117 μελάθροισιν
1336 2023 1589 2102 ''At-ag.
1666 2026 1892 2112 Suppl.
1926 2027 2048 2091 887
2070 2050 2083 2090 :
2117 2023 2304 2119 ὄναρ
2329 2024 2591 2112 μέλαν,
2617 2029 2721 2092 di-

429 2154 570 2194 rum
611 2141 932 2216 spectrum.
978 2167 1062 2176 —-
1095 2128 1320 2215 Suppl.
1354 2128 1507 2192 530:
1537 2125 1765 2212 λιμνα
1794 2122 1842 2192 δ
1853 2119 2159 2211 ’ἔμβαλε
2187 2123 2734 2221 πορφυροειδεῖ

435 2226 567 2296 τὰν
623 2221 1302 2318 μελανόζυγ’ἄταν.
1369 2225 1558 2294 ἄταν
1612 2228 2057 2312 metonymice
2103 2252 2224 2314 pro
2270 2229 2423 2291 navi
2469 2229 2720 2295 dictum

433 2346 551 2396 est.
638 2331 861 2417 Vulgo
929 2331 1323 2417 interpretes
1389 2352 1623 2394 vocem
1683 2321 2144 2417 μελανόζυγ’
2204 2328 2284 2392 ad
2338 2330 2562 2414 nigros
2610 2353 2719 2394 na·

435 2432 617 2495 vium
660 2433 940 2517 remiges
987 2431 1286 2495 referunt
1331 2444 1708 2516 comparato
1742 2453 1801 2492 v.
1838 2431 1978 2493 719.
2053 2429 2279 2494 Herm.
2312 2430 2493 2494 addit
2524 2431 2720 2495 simul

440 2533 508 2594 in
531 2531 746 2595 verbis
778 2532 991 2596 inesse
1022 2532 1142 2596 atri
1174 2531 1330 2595 mali
1361 2530 1934 2617 significationem.
2011 2529 2141 2592 Sed
2172 2553 2373 2614 quum
2398 2525 2724 2613 μελανό-

439 2631 564 2709 ζυξ
590 2632 754 2695 nihil
784 2632 912 2696 nisi
944 2636 1141 2717 niyris
1171 2635 1459 2696 transtris
1488 2629 1788 2719 (ζυγοῖς)
1818 2633 2181 2694 instructum
2212 2630 2559 2715 significet,
2585 2655 2723 2696 non

437 2733 760 2818 intelligo,
828 2733 1163 2819 quomodo
1236 2732 1410 2818 nigri
1475 2732 1758 2817 remiges
1814 2730 2096 2817 spectari
2140 2730 2419 2816 possint.
2509 2732 2721 2811 Quare

438 2834 717 2897 arbitror
771 2832 1095 2919 μελανο-
1162 2835 1242 2897 de
1312 2834 1502 2918 nigro
1562 2832 1785 2896 colore
1842 2831 2026 2894 navis
2075 2830 2532 2917 accipiendum
2580 2856 2722 2898 esse

436 2935 742 3020 adjuncta
792 2937 1056 3021 funesti,
1123 2938 1344 2998 atrocis
1410 2933 1918 3019 significatione.
1971 2970 2055 2979 —-
2101 2931 2316 3009 Quum
2362 2933 2553 2998 Eum.
2599 2935 2723 2999 459

435 3036 955 3120 Clytaemnestra
1000 3029 1525 3126 κελαινόφρων
1569 3047 1860 3111 vocatur,
1908 3032 2258 3096 crudelitas
2306 3046 2373 3095 et
2415 3035 2727 3121 improbi·

432 3150 526 3200 tas
596 3137 737 3221 ejus
800 3150 1085 3201 notatur.
1197 3136 1314 3201 Cfr
1379 3135 1567 3199 Pind.
1630 3135 1738 3199 Fr.
1800 3135 1948 3198 205:
1987 3132 2351 3219 μέλαιναν
2389 3131 2723 3228 καρδίαν,

433 3238 667 3300 durum
713 3261 846 3301 cor.

602 3337 924 3402 Omnibus
972 3350 1204 3401 notum
1237 3350 1338 3400 est
1361 3336 1685 3401 vocabula
1711 3336 1861 3399 lucis
1892 3348 1960 3399 et
1987 3336 2371 3400 obscuritatis
2400 3335 2492 3397 ita
2521 3348 2726 3399 trans·

436 3438 609 3515 ferri,
656 3451 731 3502 ut
772 3438 906 3502 illis
950 3438 1039 3515 id,
1087 3437 1266 3522 quod
1309 3437 1730 3523 perspicuum
1778 3450 1845 3501 et
1889 3435 2380 3522 cognitum'sit‚
2426 3435 2526 3498 his
2572 3459 2726 3500 con-

431 3538 701 3602 trarium
757 3538 1168 3624 designetur-3
1225 3561 1388 3624 quae
1436 3536 1832 3624 significatio
1878 3536 1947 3599 in
1994 3537 2216 3600 multis
2260 3536 2502 3600 talibus
2549 3537 2726 3602 voci·

434 3640 552 3702 bus
619 3653 752 3703 tam
819 3639 1205 3726 pervulgata
1269 3652 1387 3715 est,
1455 3653 1528 3701 ut
1594 3637 2091 3702 translat-ionem
2160 3637 2222 3700 ei
2288 3638 2554 3701 subesse
2610 3637 2725 3700 vix

437 3740 779 3825 quisquam
847 3740 1106 3804 sentiat.
1217 3739 1468 3802 Tamen
1537 3738 1892 3802 nonnullos
1959 3737 2342 3822 hujusmodi
2395 3738 2582 3801 locos
2640 3761 2725 3801 ex

437 3839 772 3925 Aeschylo
841 3840 1127 3918 afferam,
1196 3839 1309 3924 qui
1376 3852 1893 3903 commemoratu
1950 3838 2135 3924 digni
2179 3838 2506 3902 videntur.
2597 3839 2722 3924 Ag.

435 3941 558 4005 389
626 3942 838 4028 culpa,
908 3964 1072 4027 quae
1140 3965 1277 4005 non
1345 3941 1621 4017 occulta,
1682 3939 1798 4003 sed
1857 3939 2162 4003 omnibus
2209 3952 2366 4003 nota
2410 3953 2527 4015 est,
2575 3961 2723 4002 cum

434 4041 580 4105 lucc
648 4041 835 4113 triste
892 4043 1143 4106 lucenti
1202 4054 1645 4128 comparatur:
1713 4039 1993 4127 πρέπει,
2041 4040 2212 4133 φῶς
2253 4034 2724 4122 αἰνολαμπές,

436 4144 653 4218 σίνος.
765 4141 943 4220 Quae
1014 4157 1266 4206 secreto
1333 4141 1520 4219 fiunt,
1587 4142 1656 4205 in
1708 4141 1998 4206 tenebris
2052 4139 2196 4204 fieri
2242 4141 2551 4204 dicuntur
2596 4143 2723 4227 Ag.

440 4245 631 4309 1030:
700 4243 833 4308 νῦν
895 4239 944 4309 δ
957 4236 1129 4311 ’ὑπὸ
1187 4237 1431 4332 σκότῳ
1486 4241 1742 4332 βρεζιιει
1792 4235 2209 4329 θυμαλγής.
2254 4280 2340 4290 —
2382 4239 2725 4305 Interdum
