3134 4842
538 201 616 262 98

450 367 519 430 in
586 364 853 429 nomine
920 355 1136 438 κυνός
1198 362 1306 427 hic
1345 356 1577 426 ‘inesse
1623 374 1803 447 put0.
1895 359 2109 439 Quum
2156 361 2331 425 enim
2377 361 2447 424 in
2494 360 2733 426 fabulis

452 492 585 531 non
631 466 847 530 minus
895 464 1290 529 Graecorum
1338 487 1530 548 quam
1578 463 1847 526 aliarum
1893 463 2190 549 gentium
2228 462 2733 549 Indogermana-

450 592 613 647 rum,
683 591 844 653 quae
901 579 1238 637 vocantur,
1301 565 1542 628 multae
1589 564 1907 645 immanes
1953 564 2214 628 belluae
2257 563 2470 627 forma
2512 565 2733 649 magni

454 670 630 734 canis
675 668 942 732 indutae
989 667 1416 753 fingerentur,
1449 666 1694 729 factum
1730 679 1829 729 est
1859 664 2125 742 sensim,
2157 678 2230 729 ut
2259 688 2499 729 nomen
2529 659 2735 746 κύων

454 772 584 835 vim
654 769 976 855 quandam
1047 768 1171 831 diri
1229 780 1295 831 et
1339 768 1742 831 monstruosi
1788 766 2115 852 acciperet
2200 778 2266 829 et
2311 790 2346 828 a
2391 766 2606 852 poetis
2653 766 2733 829 ad

453 872 577 934 alia
622 894 879 956 quoque
928 882 1235 946 monstra,
1284 868 1539 931 etiamsi
1585 867 1856 931 minime
1903 865 2176 953 figuram
2210 866 2509 930 caninam
2540 867 2735 931 habe-

376 999 389 1006 ·
451 974 629 1049 bant,
687 970 1166 1035 transferretur.
1269 969 1378 1032 Sic
1422 969 1549 1033 hoc
1590 969 1865 1045 ,nomine
1913 967 2280 1054 appellatur
2325 967 2582 1052 Sphinx
2624 968 2731 1031 Fr.

455 1076 604 1138 234:
650 1067 964 1172 Σφίγγα
1011 1064 1464 1159 δυσαμεριᾶν
1505 1063 1867 1162 πρύτανιν
1908 1062 2093 1136 κύνα
2134 1064 2396 1153 πέμπει
2429 1082 2495 1132 et
2534 1068 2732 1155 Soph.

453 1174 615 1237 Oed.
671 1175 815 1237 Rex
860 1175 977 1236 391
1028 1167 1070 1260 ἡ
1117 1165 1476 1263 ῥαψῳδὸς
1516 1165 1721 1237 κύων
1766 1185 1831 1235 et
1876 1170 2049 1258 apud
2095 1170 2255 1235 alios
2310 1184 2537 1255 poetas
2589 1170 2734 1255 Hy-

454 1276 585 1352 dra,
654 1274 1003 1361 Harpyiae,
1073 1272 1308 1358 Scylla.
1413 1271 1665 1336 Eadem
1712 1272 1963 1336 ratione
2008 1271 2240 1335 Furias
2289 1293 2481 1334 canes
2527 1271 2735 1335 nomi-

452 1390 632 1439 natas
679 1376 897 1452 velim,
946 1374 1186 1461 quippe
1236 1396 1398 1458 quae
1446 1373 1773 1438 horrenda
1818 1373 2058 1459 specie,
2105 1372 2552 1459 anguicomae,
2595 1395 2736 1435 san-

452 1478 720 1563 guinem
789 1499 873 1539 ex
941 1476 1145 1539 oculis
1215 1474 1537 1539 stillantes
1606 1475 2068 1592 cogitarentur.
2126 1512 2208 1521 —
2252 1473 2472 1536 Etiam
2519 1473 2733 1537 Prom.

454 1580 604 1643 803.
681 1570 1144 1663 ὀξυστόμους
1218 1570 1362 1667 γὰρ
1439 1570 1674 1660 Ζηνὸς
1729 1574 2127 1667 α’κραγγεῖς
2176 1568 2398 1649 κύνας
2449 1574 2736 1663 γρῦπας

451 1669 783 1772 φύλαξαι
847 1679 915 1741 in
980 1672 1182 1743 κύων
1246 1676 1521 1740 eandem
1600 1676 1780 1740 illam
1847 1675 2250 1741 monstruosi
2316 1674 2451 1738 vim
2516 1676 2732 1739 inesse

452 1793 635 1867 put0,
701 1780 791 1844 ita
858 1793 1098 1856 tamen,
1165 1791 1238 1842 ut
1306 1778 1501 1841 etiam
1566 1777 1675 1842 hic
1744 1801 1889 1841 cum
1962 1801 2039 1841 ea
2097 1778 2535 1864 conjungatur
2590 1777 2733 1840 alia.

454 1880 705 1968 Gryphi
773 1881 969 1958 enim,
1029 1880 1467 1966 quumjussu
1510 1879 1703 1943 Jovis
1750 1902 1977 1943 aurum
2025 1879 2416 1956 custodiant,
2462 1901 2731 1941 munere

454 2006 686 2046 canum
746 1982 1028 2067 quodam
1088 1981 1284 2044 modo
1330 1981 1716 2067 funguntur.
1806 1981 1954 2045 Hoc
1998 1980 2201 2065 igitur
2245 1979 2326 2043 ad
2371 1980 2733 2043 secundum

452 2084 616 2146 illud
682 2096 933 2168 spectat
985 2082 1346 2168 negotium,
1405 2082 1581 2166 quod
1627 2105 1819 2145 canes
1868 2080 2047 2145 obire
2095 2080 2403 2158 diximus,
2450 2103 2734 2165 quocum

452 2183 646 2247 facile
696 2184 1185 2269 conjunguntur
1230 2182 1536 2245 notiones
1584 2182 1961 2268 vigilantiae
2010 2194 2076 2245 et
2120 2181 2476 2246 fidelitatis,
2520 2220 2604 2229 -—-
2633 2181 2732 2245 Ob

453 2284 860 2370 vigilantiam
918 2283 1289 2369 speculator
1333 2283 1464 2361 ille,
1512 2285 1625 2369 qui
1667 2284 1737 2347 in
1783 2296 1961 2347 tecto
2010 2283 2270 2347 aedium
2316 2283 2568 2369 positus
2616 2294 2732 2360 est,

457 2399 529 2448 ut
571 2385 758 2471 ignes
807 2385 1051 2448 excidii
1098 2385 1336 2469 Trojae
1384 2386 1651 2449 nuntios
1701 2385 2023 2461 observet,
2071 2406 2138 2448 se
2189 2408 2336 2448 cum
2384 2407 2543 2448 cane
2584 2408 2733 2447 con-

453 2486 584 2550 fert
627 2488 754 2572 Ag.
815 2475 886 2550 3‘:
947 2488 1310 2578 φρουρᾶς,
1369 2480 1455 2573 ἣν
1496 2480 1977 2572 ’κοιμώμενος
2032 2485 2287 2572 στέγης
2333 2476 2734 2576 Ἀτρειδῶν

455 2584 813 2675 ἄγκαθεν,
868 2582 1084 2662 κυνὸς
1138 2583 1359 2673 δίκην.
1405 2627 1489 2634 ———
1536 2588 1707 2651 Cura
1751 2587 1981 2650 domus
2029 2600 2220 2672 atque
2268 2585 2364 2650 rei
2395 2585 2731 2649 familiaris

455 2702 521 2752 et
563 2688 843 2752 fidelitas
890 2690 957 2752 in
1005 2689 1307 2752 maritum
1355 2688 1754 2774 designatur,
1805 2712 2003 2773 quum
2051 2688 2572 2773 Clytaemnestra
2607 2690 2734 2773 Ag.

455 2792 574 2852 607
644 2813 785 2853 sese
846 2791 1132 2876 appellat
1189 2782 1565 2875 δωμάτων
1619 2784 1802 2853 κύνα
1855 2784 2137 2876 ἐσθλὴν
2192 2784 2459 2876 ἐκεινῳ,
2515 2786 2734 2855 πολε-

447 2891 628 2975 μίαν
661 2896 811 2966 tots
841 2886 1289 2983 δ”ύσφροσινς
1324 2891 1520 2968 canis,
1555 2892 1788 2955 domus
1821 2905 2061 2967 custOS,
2096 2890 2434 2953 dominum
2466 2890 2733 2967 adulari,

453 2991 522 3054 in
569 2991 817 3055 alienos
865 3015 931 3054 se
977 2990 1286 3056 hostilem
1332 2994 1646 3077 praebere
1696 2993 1882 3055 solet.
1925 3031 2011 3039 —
2040 2995 2167 3077 Ag.
2202 2992 2322 3056 896
2353 2992 2527 3055 inter
2558 3003 2734 3076 quat·

452 3106 605 3156 tuor
647 3092 760 3155 illa
800 3092 1140 3155 nominum
1177 3106 1576 3170 ornamenta,
1612 3094 1846 3178 quibus
1882 3093 2402 3178 Clytaemnestra
2430 3093 2728 3155 maritum

453 3207 526 3256 ut
591 3193 987 3280 praesidium
1058 3207 1124 3256 et
1180 3208 1580 3258 servatorem
1627 3196 1861 3259 domus
1906 3194 2147 3270 laudat,
2195 3206 2295 3257 est
2340 3193 2536 3257 etiam
2584 3193 2732 3259 τσδν
2782 3204 2799 3226 ·

455 3291 825 3359 σταθιιίὸν
883 3288 1088 3359 κύνα.
1198 3295 1422 3373 Herm,
1493 3296 1605 3380 qui
1659 3295 1985 3381 poeticam
2032 3294 2391 3358 dictionem
2436 3294 2544 3358 hic
2589 3293 2733 3358 arti-

454 3395 673 3458 culum
719 3420 851 3458 non
898 3396 1033 3481 pati
1080 3409 1323 3474 censet,
1372 3397 1601 3460 scribit
1633 3393 2181 3480 βουσταθμιῦν,
2213 3409 2286 3460 ut
2317 3398 2729 3482 Agamemno

454 3496 723 3559 domum
770 3520 970 3573 suam,
1019 3512 1091 3560 ut
1135 3497 1312 3561 canis
1360 3497 1709 3591 stabulum
1755 3498 1927 3561 tueri
1959 3498 2344 3562 dicatur.—-
2374 3495 2567 3560 Multi
2598 3495 2732 3559 loci

453 3596 793 3661 Homerici
839 3598 1291 3662 demonstrant
1334 3597 1600 3662 heroica
1646 3611 1857 3663 aetate
1905 3600 2101 3663 moris
2149 3598 2375 3675 fuisse,
2421 3609 2495 3662 ut
2539 3619 2730 3660 canes

450 3698 646 3775 viros,
724 3700 1105 3784 praesertim
1173 3722 1497 3786 proceres,
1566 3723 1767 3785 quum
1833 3702 1901 3764 in
1969 3699 2306 3787 publicum
2373 3699 2732 3785 prodirent,

452 3812 899 3884 sequerentur,
956 3801 1140 3865 velut
1186 3799 1305 3863 Od.
1352 3802 1409 3877 2,
1459 3803 1533 3862 11
1585 3800 2019 3865 Telemachus
2066 3801 2134 3863 in
2181 3799 2564 3863 contionem
2610 3799 2733 3862 Ita-

452 3901 746 3964 censium
814 3925 880 3965 se
950 3903 1298 3965 conferens
1358 3902 1612 3966 duobus
1668 3903 1937 3967 canibus
1985 3900 2333 3965 comitatus
2378 3901 2730 3965 inducitur.

450 4000 556 4064 Ex
628 4025 757 4086 quo
833 4025 1016 4094 more
1089 4002 1553 4088 explicandum
1624 4018 1741 4081 est,
1810 4001 2261 4089 quod-aquila
2315 4002 2492 4066 canis
2537 4002 2731 4066 Jovis

451 4103 856 4178 nominatur3
915 4103 1077 4166 haec
1132 4103 1305 4166 enim
1355 4104 1492 4166 avis
1539 4105 1828 4190 supremi
1874 4104 1981 4167 dei
2026 4127 2244 4167 comes
2292 4103 2730 4190 sempiternus

451 4215 520 4264 et
589 4204 773 4288 quasi
839 4204 1099 4267 satelles
1155 4217 1273 4280 est,
1337 4228 1532 4289 quare
1582 4205 1778 4268 etiam
1824 4206 1904 4269 ab
1952 4205 2308 4269 artificibus
2353 4205 2423 4267 in
2470 4217 2730 4291 sceptro
