3134 4842
1374 527 1582 633 cap.
1634 531 1803 614 ΙΙΙ.

600 707 907 776 Imagines
951 721 989 763 a
1030 706 1284 778 plantis,
1327 706 1678 779 arboribus,
1720 706 1802 763 lis
1845 695 2106 779 denique
2151 709 2361 780 rebus,
2404 721 2558 778 qnae

1029 806 1109 849 cx
1150 792 1326 847 terra
1366 792 1797 863 procreantur,
1840 794 2138 863 sumptae.

602 943 631 1024 ξ
680 942 735 1004 1.
824 941 917 1005 Ut
947 965 982 1005 a
1007 941 1171 1028 flore
1213 941 1563 1018 ordiamur,
1603 942 1888 1028 primum
1918 941 2110 1006 nobis
2144 943 2430 1007 occurrit
2458 938 2725 1026 ἄνθος,

424 1042 611 1129 quod
658 1065 851 1128 saepe
899 1043 978 1105 ad
1024 1042 1113 1120 id,
1162 1042 1338 1128 quod
1382 1042 1450 1107 in
1497 1042 1715 1129 aliqua
1759 1065 1828 1106 re
1875 1042 2388 1129 pulcherrimum
2436 1057 2503 1108 et
2542 1066 2725 1129 prae-

422 1142 906 1209 stantissimum
933 1157 1050 1220 est,
1084 1143 1536 1214 denotandum
1566 1157 1937 1229 usurpatur.
1991 1142 2322 1208 «Iuventus
2355 1143 2476 1208 flos
2506 1145 2723 1231 gentis

426 1257 724 1308 vocatur.
812 1246 942 1332 Ag.
991 1246 1109 1308 197
1157 1244 1240 1307 de
1287 1243 1540 1309 Graeco
1588 1244 1884 1308 exercitu
1929 1244 2197 1328 Trojam
2227 1244 2721 1331 proficiscente:

433 1339 658 1412 πνοαὶ
724 1342 963 1434 τριβῷ
1020 1344 1451 1424 κατέξαινον
1511 1341 1758 1421 ἄνθος
1800 1336 2183 1433 Ἀργείων.
2270 1345 2478 1409 Miror
2523 1344 2721 1409 Schii-

423 1446 636 1511 tzium
683 1469 828 1510 eam
872 1444 1317 1532 pulchriorem
1363 1469 1505 1510 esse
1553 1446 2003 1532 metaphoram
2041 1446 2282 1523 dicere,
2316 1446 2491 1532 quod
2524 1446 2720 1509 etiam

424 1546 696 1635 proprie
742 1547 927 1611 venti
968 1545 1263 1623 floribus,
1310 1569 1473 1632 quos
1521 1547 1878 1625 decutiant,
1923 1559 2225 1611 noceant.
2300 1546 2369 1610 Si
2400 1547 2527 1610 tale
2561 1546 2719 1631 quid

430 1647 807 1733 Aeschylus
874 1647 1197 1711 voluisset
1260 1647 1576 1726 indicare,
1645 1660 1821 1712 certe
1886 1647 2164 1711 verbum
2230 1646 2385 1712 huic
2448 1647 2721 1733 imagini

424 1748 640 1836 magis
673 1747 1078 1813 conveniens
1110 1771 1306 1833 quam
1333 1748 1795 1828 καταξαίνειν
1825 1748 2155 1835 elegisset.
2229 1748 2384 1811 Alia
2416 1748 2722 1834 exempla

422 1863 588 1917 sunt
630 1850 847 1914 Prom.
878 1851 1033 1913 42οε
1066 1844 1444 1926 Χαλκίδος
1471 1845 1730 1940 ἄρειον
1759 1845 2022 1925 ἄνθος.
2091 1849 2248 1913 Pers
2282 1850 2394 1913 59:
2430 1840 2722 1915 τοιόνδ’

432 1945 677 2026 ἄνθος
759 1944 1123 2041 Περσίδος
1194 1948 1362 2027 αἴας
1432 1950 1711 2038 οὶχεται
1784 1941 2106 2038 ἄνδρων.
2194 1949 2374 2014 Pers.
2433 1950 2586 2014 252:
2635 1943 2721 2016 τὸ

433 2051 757 2142 Περσῶν
799 2046 1045 2127 ἄνθος
1087 2049 1363 2137 οὶχεται
1404 2045 1660 2119 πεσόν.
1749 2051 1927 2115 Pers.
1959 2052 2112 2115 925.
2146 2045 2420 2117 πολλοὶ
2450 2071 2721 2145 φωτες,

410 2147 686 2241 χώρας
735 2146 1002 2228 ἄνθος.
1109 2151 1338 2216 Latius
1407 2153 1780 2240 explicatur
1842 2151 2006 2216 haec
2063 2151 2447 2238 metaphora
2490 2151 2718 2238 Suppl.

421 2254 585 2318 663.
652 2245 842 2342 ἥβας
914 2248 963 2318 δ
978 2243 1247 2329 ’ἄνθος
1319 2248 1692 2342 ἄδρεπτον
1751 2251 1967 2337 ἔστω,
2018 2243 2210 2341 μηδ’
2272 2243 2725 2347 Ἀφροδιτας

430 2346 766 2441 εὐνάτωρ
854 2346 1360 2442 βροτολοιγὸς
1419 2350 1654 2445 ’Ἀρης
1737 2352 2056 2442 κέρσειεν
2150 2349 2426 2420 ἄωτον.
2560 2353 2717 2417 Flos

403 2456 794 2554 juventutis
837 2454 1129 2519 illibatus
1178 2467 1339 2532 est0‚
1386 2479 1554 2520 neve
1588 2457 1797 2536 Mars,
1844 2455 2093 2540 conjux
2141 2455 2441 2534 Veneris,
2486 2453 2719 2518 florem

427 2558 718 2622 desecet.
817 2556 934 2621 Cfr
985 2556 1183 2621 Hom.
1242 2555 1319 2620 Il.
1393 2558 1492 2637 13,
1552 2559 1709 2623 484:
1761 2551 1884 2623 καὶ
1936 2548 2018 2621 δ’
2023 2554 2164 2642 ἔχει
2218 2549 2403 2644 ἥβης
2452 2551 2719 2639 ἄνθος,

430 2678 558 2725 οτε
605 2651 882 2748 κράτος
931 2652 1080 2724 ε’στὶ
1124 2656 1503 2744 μέγιστον.
1548 2698 1634 2707 -
1679 2658 1871 2738 Quod
1915 2658 1983 2721 in
2029 2658 2272 2743 praeda
2303 2657 2384 2721 de
2416 2656 2718 2720 hostibus

419 2774 619 2846 capta
686 2759 1006 2846 optimum
1066 2771 1167 2822 est
1225 2771 1293 2823 et
1335 2759 1488 2824 duci
1533 2759 1882 2836 addicitur,
1927 2756 2048 2821 flos
2096 2757 2482 2844 appellatur,
2536 2756 2721 2820 velut

422 2860 795 2925 Cassandra
839 2861 969 2947 Ag.
1016 2859 1169 2923 954:
1217 2852 1406 2946 αὕτη
1450 2854 1529 2926 δὲ
1571 2858 1881 2927 πολλῶν
1905 2851 2323 2946 χρημάτων
2350 2849 2722 2948 ἐξαίρετον

430 2957 696 3043 ἄνθος,
743 2959 1071 3050 στρατοῦ
1113 2952 1451 3048 δώρημα.
1544 2960 1753 3025 Simul
1796 2961 1918 3041 hac
1962 2960 2249 3045 imagine
2295 2958 2717 3045 pulchritudo

420 3063 573 3148 ejus
618 3062 1064 3147 praedicatur;
1110 3061 1667 3145 quemadmodum
1714 3064 1842 3150 Ag.
1891 3062 2014 3125 743
2056 3061 2232 3124 inter
2275 3058 2481 3124 multa
2512 3059 2719 3123 nomi*

426 3186 589 3227 num
636 3174 1040 3239 ornamenta,
1086 3160 1323 3247 quibus
1369 3162 1655 3227 suavitas
1703 3177 1768 3228 et
1802 3176 2113 3228 venustas
2149 3161 2447 3225 Helenae
2481 3160 2720 3224 descri-

427 3263 624 3339 bitur,
670 3263 797 3328 hoc
844 3276 974 3327 est:
1021 3256 1442 3349 δηξίθυμον
1486 3261 1767 3349 ἔρωτος
1807 3259 2074 3346 ἄνθος,
2102 3262 2232 3348 flos
2278 3264 2530 3335 amoris,
2575 3261 2616 3324 i.
2661 3283 2717 3323 e.

418 3364 577 3429 talis
621 3362 764 3443 flos,
811 3363 923 3450 qui
968 3386 1258 3428 amorem
1303 3365 1637 3428 accendat.
1682 3402 1765 3414 -—
1808 3364 2027 3429 Etiam
2074 3363 2314 3428 coloris
2359 3361 2624 3427 venusti
2654 3374 2721 3425 et

418 3464 696 3529 candidi
740 3414 985 3540 ἄνθος
1035 3463 1255 3551 imago
1314 3478 1431 3529 est.
1522 3464 1738 3529 Prom.
1786 3466 1899 3529 22.
1948 3458 2367 3540 σταθευτὸς
2418 3454 2499 3529 δ’
2505 3457 2719 3549 ἡλίου

431 3563 673 3660 φοίβῃ
727 3561 961 3661 φλογὶ
1004 3565 1276 3656 χροιᾶς
1325 3556 1666 3652 αμείψεις
1716 3562 1983 3642 ἄνθος.
2073 3565 2190 3630 Cfr
2245 3564 2443 3651 Soph.
2490 3562 2569 3626 fr.
2618 3565 2718 3636 27

419 3668 496 3731 5:
547 3667 812 3757 χροιης
862 3662 1108 3743 ἄνθος
1157 3658 1676 3753 ἄμειβομεᾝνης
1733 3706 1818 3718 —
1863 3666 2150 3731 Omnino
2197 3661 2442 3740 ἄνθος
2487 3676 2587 3728 est
2628 3662 2717 3740 id,

422 3768 606 3854 quod
673 3768 872 3833 alicui
937 3768 1163 3833 decori
1227 3767 1336 3831 vel
1402 3782 1790 3833 ornamento
1859 3783 1978 3845 est,
2037 3780 2110 3831 ut
2163 3766 2337 3853 ignis
2385 3764 2716 3829 Vulcano:

427 3869 645 3933 Prom.
705 3873 742 3934 7
761 3894 775 3933 :
833 3862 919 3936 τὸ
977 3862 1113 3935 σὸν
1178 3862 1325 3959 γὰρ
1379 3864 1647 3954 ἄνθος,
1711 3868 2122 3955 παντέχνου
2181 3858 2419 3954 πυρὸς
2483 3863 2717 3941 σελας.

420 3969 647 4034 Schol.
696 3970 988 4057 explicat
1032 3963 1163 4035 τὸν
1218 3963 1354 4036 σὸν
1402 3963 1714 4055 κόσμον.
1766 4008 1851 4019 -
1893 3967 2260 4055 Virginitas
2304 3965 2448 4044 flos,
2492 3966 2560 4044 ii,
2608 3966 2718 4050 qui

420 4069 875 4158 virginitatem
942 4070 1213 4148 violant,
1248 4070 1508 4134 ”florem
1571 4071 1925 4157 decerpere
1985 4069 2294 4133 dicuntur
2340 4068 2518 4153 Sept.
2565 4068 2716 4131 333:

414 4167 753 4239 κλαυτὸν
795 4163 1366 4263 δ’ἄρτιδρόποις
1410 4163 1894 4260 ὠμοδρόπων
1927 4170 2272 4257 νομιζαων
2297 4162 2719 4257 προπάροι-
