3134 4842
501 164 583 229 36

418 331 799 420 opponitur.
883 329 1140 393 Domus
1184 327 1295 391 vel
1340 327 1592 405 civitas,
1640 350 1806 413 quae
1850 327 1921 391 in
1967 326 2153 390 malis
2187 339 2254 391 et
2281 327 2465 391 luctu
2496 349 2712 391 versa-

414 445 542 509 tur,
598 430 879 517 caligine
936 428 1238 493 involuta
1281 427 1522 493 dicitur
1566 427 1867 515 Ghoeph.
1913 429 2024 492 51:
2091 419 2388 515 ανήλιοι
2431 425 2713 516 βροτο-

418 537 704 620 στυγεῖς
745 524 1026 625 δνόφοι
1063 522 1524 595 καλύπτουσι
1553 523 1838 613 δόιιους
1865 524 2252 595 δεσποτῶν
2285 521 2708 594 θανάτοισι.

417 633 610 698 Eum.
642 634 796 696 377:
826 625 948 696 καὶ
976 623 1362 746 δνοφεράν
1391 649 1503 695 τιν
1519 621 1784 717 ’άχλὺν
1803 622 1993 696 κατὰ
2016 622 2370 715 δώματος
2392 620 2707 695 αὐδᾶται

416 726 884 808 πολύστονος
925 723 1173 826 φάτις.
1261 730 1439 794 Pers.
1485 731 1639 795 669:
1684 725 1981 818 Στυγία
2024 722 2171 818 γάρ
2220 751 2322 806 τις
2355 724 2442 797 ἐπ
2459 721 2713 817 ’άχλὺς

417 827 856 902 πεπόταται.
944 832 1123 896 Pers.
1170 832 1323 895 535:
1370 829 1558 897 ἄστυ
1591 826 1678 896 τὸ
1706 824 2040 898 Σούσων
2069 822 2200 919 ἠδ’
2220 822 2714 919 Ἀγβατάνων

417 931 676 1003 πένθει
723 929 1075 1027 δνοφερῷ
1115 930 1603 1024 κατέκρυψας.
1648 971 1736 980 —
1763 931 2063 996 Verbum
2091 925 2503 1027 κνεφάζειν,
2533 931 2713 1018 quod

418 1035 683 1123 proprie
750 1033 1007 1119 caliyine
1069 1032 1372 1097 involvere
1435 1032 1784 1120 significat,
1850 1033 2032 1096 malis
2097 1033 2380 1119 affliyere
2437 1044 2538 1097 est
2580 1034 2710 1119 Ag.

423 1139 580 1202 131:
627 1124 792 1201 οἷον
828 1126 940 1222 μή
983 1155 1090 1210 τις
1117 1155 1271 1222 αγα
1307 1126 1597 1199 θεόθεν
1628 1155 1715 1198 κν
1717 1126 1966 1228 εφάσῃ
1996 1127 2371 1222 προτυπεν
2402 1127 2715 1248 στόμιον

416 1236 615 1326 μέγα
668 1235 961 1327 Τροίας.
1029 1273 1116 1284 -—
1179 1233 1611 1319 Adjectivum
1677 1227 2161 1328 νυκτηρεφής,
2217 1234 2483 1321 proprie
2552 1246 2713 1298 nocte

421 1338 707 1414 occultus,
749 1335 1170 1401 calamitosum
1215 1334 1546 1421 significat
1590 1337 1718 1421 Ag.
1762 1337 1920 1400 459.
1958 1334 2161 1420 μένει
2208 1328 2290 1401 δ’
2294 1328 2623 1401 ακοῦσαι
2647 1354 2712 1400 τι

416 1459 574 1526 μου
611 1457 936 1528 ιιεριμνα
978 1434 1446 1553 νυκτηρεφές.
1476 1474 1562 1483 -
1550 1436 1770 1500 Pers.
1803 1437 1957 1501 949.
1996 1428 2272 1502 Ἰάνων
2300 1430 2445 1527 γὰρ
2477 1422 2716 1522 άπηύ-

422 1559 545 1628 ρα,
602 1531 879 1604 Ἰάνων
942 1530 1425 1651 ναύφαρκτος
1463 1530 1690 1625 Ἄρης
1731 1531 2120 1627 ἑτεραλκὴς
2162 1537 2419 1624 νυχίαν
2467 1530 2715 1603 πλάκα

421 1633 873 1754 κερσάμενος
915 1630 1383 1759 δυσδαίμονά
1427 1629 2296 1724 τ’άκτάν.Α1ῃὶ)ἰ8ἱ1111·,
2343 1653 2563 1702 utrum
2608 1637 2716 1700 ad-

416 1741 738 1827 jectivum
782 1738 1038 1826 νυχίαν
1075 1739 1342 1825 proprie
1378 1762 1458 1802 an
1491 1736 1943 1824 metaphorico
1974 1761 2175 1803 sensu
2190 1741 2455 1826 funesti,
2480 1741 2719 1804 exitiosi

424 1842 886 1929 accipiendum
931 1840 1035 1904 sit.
1123 1839 1274 1904 Hoc
1316 1853 1540 1903 tamen
1585 1834 1914 1925 praestare
1949 1839 2230 1917 videtur,
2263 1862 2466 1926 quum
2496 1862 2720 1926 pugna

428 1942 785 2007 Salaminia
828 1940 1117 2004 adventu
1161 1939 1374 2004 noctis
1419 1939 1609 2003 finita
1652 1939 1754 2016 sit,
1788 1952 1863 2002 ut
1893 1939 2067 2003 inter
2101 1939 2229 2003 alia
2258 1963 2319 2003 v.
2345 1941 2470 2004 428
2501 1939 2716 2004 docet.

426 2043 677 2117 Herm„
745 2040 898 2126 quia
960 2040 1109 2105 talis
1175 2041 1276 2105 vis
1341 2040 1655 2125 adjectivi
1709 2033 1958 2126 νύχιος
1999 2041 2185 2104 nullo
2232 2041 2360 2104 alio
2408 2040 2717 2127 exemplo

428 2142 872 2218 confirmetur,
939 2141 1011 2205 in
1071 2161 1349 2228 μυχιαν
1413 2152 1624 2204 mutat
1688 2140 1929 2204 collato
1995 2164 2059 2204 v,
2126 2142 2282 2205 876:
2344 2140 2577 2228 μυχία
2643 2161 2716 2206 τε

431 2242 879 2336 ῙΙροποντιᾝς
970 2240 1198 2327 Neque
1264 2264 1422 2305 vero
1479 2240 1810 2326 intelligo,
1876 2241 2036 2327 quid
2082 2242 2319 2320 obstet,
2351 2241 2715 2357 quominus

428 2343 709 2409 eandem
753 2341 1255 2407 translationem
1299 2342 1371 2405 in
1416 2335 1667 2427 νύχιος
1710 2354 2089 2419 statuamuS,
2124 2365 2315 2427 quam
2346 2343 2417 2406 in
2445 2354 2545 2406 tot
2575 2341 2716 2405 aliis

426 2445 607 2509 idem
653 2443 792 2508 fere
837 2442 1212 2507 valentibus
1258 2443 1534 2507 vocibus
1593 2442 2195 2520 animadvertimus,
2241 2444 2470 2507 velut
2453 2467 2523 2506 111
2553 2462 2720 2508 νυκ-

429 2538 774 2640 τηρεφής.
840 2583 926 2593 -
992 2543 1239 2608 Similis
1295 2536 1639 2609 translatio
1685 2543 1755 2606 in
1800 2535 2145 2633 αμαυρός
2189 2544 2496 2621 cernitur,
2545 2543 2721 2629 quod

426 2646 691 2734 proprie
748 2647 1093 2722 obscurum,
1136 2645 1471 2709 interdum
1515 2647 1748 2708 tristem
1804 2643 2150 2730 significat.
2240 2647 2368 2731 Ag.
2416 2645 2571 2708 546:
2621 2638 2723 2719 οὖς

426 2740 663 2815 πόλλ’
669 2739 1015 2834 άμαυρας
1078 2740 1155 2812 ἐκ
1221 2740 1520 2844 φρενός
1559 2767 1621 2830 μ
1639 2737 2110 2810 ’άναστένειν.
2220 2743 2519 2831 Choeph.
2571 2747 2719 2808 156:

425 2841 604 2916 κλύε
647 2842 732 2913 δέ
761 2866 900 2934 μοι
942 2840 1119 2911 κλύε
1163 2844 1518 2928 adstas-‚02
1566 2837 1904 2929 δεσποτ’,
1938 2841 2013 2925 ἐξ
2040 2838 2387 2934 άμαυρᾶς
2397 2841 2719 2964 φρενός.

427 2949 792 3035 Iynobilem,
857 2947 1148 3012 humilem
1203 2945 1531 3032 significat
1576 2948 1705 3031 Ag.
1750 2947 1904 3010 465:
1969 2942 2294 3013 κελαιναὶ
2338 2938 2419 3013 δ’
2427 2940 2727 3033 Ερινύες

417 3043 714 3168 χρόνῳ
750 3040 1075 3137 τυχηρὸν
1139 3044 1278 3114 ὄντ
1290 3041 1493 3113 ἄνευ
1558 3042 1761 3123 δίκας
1814 3045 2250 3135 παλιντυχεῖ
2283 3046 2509 3137 τριβᾷ
2548 3047 2723 3127 βίου

429 3142 714 3217 τιθεῖσ’
718 3141 1091 3237 ἀμαυρόν.

595 3250 765 3315 Usui
807 3249 907 3314 illi
953 3248 1429 3314 vocabulorum
1454 3248 1922 3312 obscuritatem
1961 3247 2476 3334 significantium
2506 3248 2721 3312 simile

431 3365 550 3429 est,
618 3350 794 3436 quod
861 3350 1051 3436 niger
1115 3350 1319 3425 color,
1376 3349 1488 3434 qui
1534 3349 1708 3435 apud
1755 3372 1984 3413 omnes
2031 3349 2316 3436 populos
2362 3373 2482 3436 pro
2532 3349 2720 3434 signo

342 3521 353 3525 ,
428 3452 643 3516 luctus
691 3464 809 3528 est,
857 3451 937 3514 ad
971 3464 1261 3515 mentem
1301 3450 1650 3514 translatus
1686 3453 1995 3513 tristitiam
2031 3450 2336 3514 declarat.
2406 3450 2513 3514 Sic
2545 3450 2721 3513 Pers.

432 3555 583 3616 114:
632 3545 870 3618 ταῦτά
899 3570 1036 3634 μοι
1069 3549 1545 3639 μελαγχίτων
1571 3544 1772 3644 φρὴν
1795 3543 2228 3636 ἀμύσσεται.
2248 3548 2726 3638 μελαγχίτων

431 3667 533 3718 est
573 3654 750 3739 pulla
794 3665 949 3718 veste
991 3654 1244 3717 indutus
1289 3664 1374 3729 et,
1418 3651 1571 3736 quia
1597 3650 1668 3714 id
1699 3650 1960 3737 signum
1994 3651 2207 3715 luctus
2245 3663 2363 3728 est,
2397 3654 2604 3715 tristis.
2640 3689 2726 3699 —

431 3753 729 3841 Choeph.
790 3755 946 3818 413:
1016 3746 1404 3841 σπλάγχνα
1466 3748 1553 3819 δέ
1603 3773 1741 3837 μοι
1792 3751 2260 3818 κελαινοῦται
2313 3746 2503 3843 πρὸς
2554 3751 2727 3827 ἔπος

429 3849 785 3941 κλυούσᾳ.
875 3853 1008 3918 Cor
1053 3854 1279 3919 dolore
1324 3853 1697 3939 nigrescere
1746 3852 2092 3939 cogitatur.
2160 3852 2371 3915 Menti
2404 3842 2726 3939 Aeschyli

434 3956 854 4021 obversatum
900 3978 1043 4018 csse
1088 3954 1354 4019 videtur
1396 3953 1830 4018 Homericum
1864 3952 2126 4047 φρένες
2155 3945 2724 4039 ἀμφιμέλαιναι,

432 4056 614 4143 quod
677 4057 758 4121 de
827 4055 1047 4119 animo
1112 4055 1543 4119 vehementer
1611 4066 1944 4118 commoto
2006 4051 2263 4117 dicitur.
2309 4091 2395 4102 —-
2439 4055 2724 4118 Animus

432 4157 662 4222 dolore
708 4155 982 4221 affectus
1029 4155 1395 4220 declaratur
1438 4154 1637 4219 etiam
1685 4153 1914 4240 Suppl.
1965 4155 2112 4218 785:
2158 4148 2619 4244 κελαινόχρῳ
2649 4150 2728 4220 δὲ
