3134 4842
515 158 598 222 84

429 335 656 408 postea
722 322 957 388 divites
1024 347 1216 410 saepe
1286 346 1524 409 magno
1594 338 1858 409 sumptu
1920 347 2124 410 equos
2182 324 2489 410 pulchros
2540 325 2711 388 alere

429 423 748 501 solebant,
817 447 1012 510 quare
1078 423 1451 508 Aeschylus
1519 424 1738 488 Prom.
1804 426 1928 488 466
1997 447 2109 488 eos
2172 438 2364 490 vocat
2408 423 2714 510 ἄγαλμα

433 524 555 610 τῆς
605 517 1124 610 ὑπερπλούτου
1166 519 1444 611 χλιδῆς.
1536 524 1707 588 Vide
1753 527 1870 588 Ar.
1916 525 2088 589 Nub.
2133 526 2276 589 init.
2309 540 2373 589 et
2405 525 2711 613 Xenoph.

429 626 509 689 de
577 638 711 688 arte
779 626 978 710 equit.
1082 628 1398 689 Attamen
1459 625 1781 711 imagines
1850 627 1928 690 ab
1996 626 2181 712 equis
2238 627 2482 712 petitae
2540 627 2715 712 apud

429 739 682 790 ceteros
748 727 1031 813 tragicos
1088 726 1569 811 frequentiores
1630 738 1782 790 sunt
1827 749 2019 844 quam
2065 728 2239 812 apud
2282 726 2713 812 Aeschylum.

592 826 1073 891 Adolescentes
1119 823 1386 909 πωλοι,
1432 826 1598 912 pulli
1637 829 1865 911 equini,
1911 840 2250 892 vocantur.
2316 828 2418 892 Ita
2447 827 2713 892 Orestes

428 927 495 990 in
540 927 688 990 loco
733 927 922 991 valde
971 928 1250 992 obscuro
1297 926 1593 1013 Choeph.
1642 929 1792 991 794:
1851 924 2016 994 ἴσθι
2070 923 2118 993 δ
2130 920 2431 1020 ἀνδρὸς
2484 927 2715 1041 φιλου

428 1026 690 1093 πωλον
761 1011 955 1093 εῧνιν
1026 1019 1319 1116 ζυγέντ’
1346 1030 1422 1094 έν
1493 1021 1819 1119 άρμασιν
1879 1022 2272 1115 πημάτων,
2326 1023 2402 1096 έν
2454 1022 2714 1119 δρόμῳ

426 1123 850 1219 προςτιθεὶς
915 1127 1214 1217 μέτρον.
1296 1148 1401 1204 τις
1463 1122 1558 1193 ἂν
1631 1122 2056 1216 σωζομένον
2122 1124 2430 1220 ῥυθμὸν
2494 1122 2713 1196 τοῦτ’

427 1223 604 1294 ἰδεῖν
654 1222 977 1296 δάπεδον
989 1222 1416 1349 ἀνομένων
1461 1222 1833 1328 βημάτων
1887 1225 2215 1344 ὄρεγμα,·
2277 1231 2505 1295 Herm.
2551 1228 2714 1297 ἴσθι

427 1329 497 1392 in
560 1328 735 1416 ἴσχε,
805 1331 909 1407 τίς
968 1326 1062 1396 ἄν
1111 1330 1182 1393 in
1237 1331 1347 1396 τίν
1364 1322 1512 1411 ’ML
1567 1324 1892 1397 δάπεδον
1941 1331 2012 1395 in
2067 1325 2397 1420 γάπεδον
2447 1331 2711 1396 mutatis

429 1444 494 1493 et
539 1444 860 1494 commate
906 1445 1060 1517 post
1079 1430 1379 1544 μέτρον
1420 1431 1642 1517 posito
1690 1432 2083 1495 sententiam
2114 1432 2246 1496 loci
2278 1432 2373 1497 sic
2404 1432 2710 1517 exponit:

427 1531 714 1595 »sustine
783 1533 914 1596 cari
973 1531 1098 1595 viri
1144 1532 1397 1618 pullum
1437 1533 1741 1616 junctum
1790 1534 2009 1596 currui
2052 1533 2393 1611 malorum,
2441 1534 2712 1598 modum

428 1630 744 1695 adhibens
798 1634 866 1695 in
927 1655 1140 1709 cursu,
1187 1646 1260 1696 ut
1302 1631 1431 1696 hoc
1477 1632 1689 1695 solum
1735 1656 1955 1697 rursus
2001 1633 2222 1697 videat
2266 1634 2711 1697 desinentium

427 1755 769 1817 gressuum
827 1735 1043 1796 nisum
1091 1733 1371 1819 aliquam
1422 1756 1677 1796 servare
1725 1756 2153 1798 mensuram».
2244 1734 2373 1798 Sed
2418 1733 2713 1818 Aeschy-

424 1832 564 1896 lum
629 1847 761 1897 tam
826 1835 1098 1898 obscure
1158 1847 1226 1897 et
1270 1834 1585 1919 perplexe
1636 1833 1881 1897 dixisse
1929 1833 2090 1897 mihi
2135 1835 2528 1920 persuadere
2576 1857 2711 1898 non

426 1956 715 2019 possum.
802 1934 879 1998 Id
923 1947 1144 1998 tamen
1188 1958 1306 2020 pro
1353 1948 1533 1998 certo
1565 1933 1805 1999 habere
1837 1934 1995 1998 licet
2024 1958 2164 1998 eam
2197 1935 2709 2012 translationem,

429 2056 592 2118 quae
641 2057 676 2096 a
720 2034 1039 2098 vocabulo
1083 2032 1340 2109 πῶλος
1380 2035 1725 2120 inciperet,
1770 2057 1888 2121 per
1930 2048 2135 2099 totam
2181 2034 2515 2122 stropham
2558 2059 2710 2099 con-

425 2134 744 2197 tinuatam
791 2157 933 2198 esse
978 2135 1089 2211 ita,
1135 2149 1208 2198 ut
1251 2133 1515 2198 Orestes
1561 2136 1748 2198 malis
1795 2137 2188 2219 conjunctus
2235 2136 2505 2213 dicatur,
2550 2149 2710 2200 tam-

429 2256 620 2319 quam
668 2258 875 2319 equus
922 2236 1158 2298 cur1ui.
1247 2235 1356 2298 Ad
1403 2235 1678 2298 eandem
1725 2235 2174 2322 metaphoram
2220 2237 2508 2322 pertinet
2537 2230 2712 2327 δρό-

420 2354 569 2421 μω.
660 2335 829 2403 Vide
878 2334 1112 2398 schola
1161 2329 1472 2419 ἐνέμεινε
1525 2336 1617 2428 τῆ
1653 2337 2092 2454 μεταφορᾷ·
2150 2331 2395 2430 φήσας
2445 2331 2590 2428 γὰρ
2637 2331 2713 2404 έν

426 2428 706 2523 ἅρμασι
757 2431 1124 2523 πημάτων
1177 2429 1263 2502 τὸ
1319 2430 1584 2525 δρομω
1638 2430 1982 2524 ἐπήγαγε.
2034 2477 2120 2486 -
2165 2438 2378 2516 Quum
2432 2437 2710 2522 πωλος,

424 2550 499 2600 ut
535 2530 873 2621 δάμαλις,
900 2530 1186 2624 μόσχος
1212 2538 1354 2614 alia,
1388 2538 1585 2601 etiam
1612 2538 1691 2601 de
1716 2538 1971 2624 virgine
1999 2539 2325 2602 diceretur
2349 2539 2526 2623 (vide
2551 2539 2708 2604 Eur.

427 2636 590 2702 Hec.
626 2640 794 2723 144),
842 2639 1084 2702 factum
1119 2651 1237 2715 est,
1267 2650 1342 2701 ut
1370 2631 1698 2714 πωλικός
1726 2639 2002 2702 eandem
2034 2639 2168 2701 vim
2199 2653 2391 2724 atque
2419 2637 2712 2731 παρθε-

426 2733 626 2815 νικός
656 2740 1000 2857 acciperet.
1049 2738 1226 2826 Sept.
1257 2739 1413 2802 455.
1443 2737 1798 2805 πωλικων
1829 2731 1925 2804 θ’
1953 2734 2353 2805 ἑδωλιηων
2316 2735 2708 2828 υπερκόπῳ

428 2833 606 2926 δορί
643 2860 794 2905 ποτ
807 2832 1275 2917 ’ἕκλαπάξαμ
1344 2878 1429 2887 -
1482 2840 1907 2904 Ρ10111.1009
1964 2839 2399 2926 pulcherrime
2457 2841 2711 2905 Mercu·

426 2940 560 3003 rius
619 2939 1084 3004 Prometheum
1139 2940 1569 3003 reluctantem
1617 2953 1684 3004 et
1725 2941 2005 3027 imperio
2045 2940 2243 3004 Jovis
2292 2942 2570 3026 obsequi
2616 2966 2707 3005 re-

428 3053 762 3104 cusantem
832 3041 980 3104 cum
1047 3063 1216 3125 equo
1282 3062 1511 3103 recens
1582 3040 1833 3104 domito
1892 3055 2243 3125 comparat,
2290 3043 2402 3127 qui
2446 3042 2702 3106 frenum

427 3142 733 3205 mordens
800 3141 1126 3216 violenter
1192 3163 1259 3204 se
1326 3153 1510 3226 gerat
1576 3164 1788 3227 neque
1856 3141 2128 3205 habenis
2189 3143 2457 3206 obedire
2517 3144 2703 3207 velit:

428 3235 677 3308 δακών
729 3236 806 3306 δέ
858 3234 1171 3325 στόμιον
1224 3235 1328 3316 ὥς
1377 3236 1725 3328 νεοζυγὴς
1774 3241 2030 3318 πῶλος
2082 3236 2314 3323 βιάζει
2357 3239 2479 3308 καὶ
2518 3236 2711 3330 πρὸς

426 3337 629 3426 ἡνίας
671 3336 920 3427 μάχει.
985 3381 1071 3389 -
1124 3341 1551 3406 Nobilissima
1597 3359 1696 3406 est
1737 3343 1955 3430 imago
2004 3343 2180 3428 Sept.
2227 3345 2369 3421 392,
2416 3345 2530 3409 ubi
2571 3344 2705 3408 bel-

424 3443 591 3506 licus
660 3444 850 3507 ardor
915 3443 1148 3528 Tydei,
1207 3465 1400 3527 quem
1459 3442 1900 3528 Amphiaraus
1948 3467 1982 3505 a
2029 3466 2249 3530 pugna
2291 3445 2551 3522 retinet,
2599 3445 2705 3507 de—

428 3543 731 3608 scribitur
800 3544 1228 3607 similitudine
1297 3542 1582 3607 ferociae
1640 3544 1791 3627 equi
1833 3544 2190 3617 bellatoris,
2238 3567 2437 3628 quum
2482 3547 2705 3610 tubam

428 3644 626 3708 audit.
717 3644 931 3722 Quum
986 3644 1112 3708 hoc
1155 3644 1303 3707 loco
1351 3643 1613 3707 codices
1662 3659 1882 3730 aperte
1932 3657 2298 3730 corruptam
2345 3646 2703 3710 lectionem

426 3745 802 3830 praebeant,
827 3746 1068 3809 multae
1095 3745 1389 3808 diversae
1418 3744 1913 3808 emendationes
1936 3747 2013 3810 ab
2040 3745 2399 3809 editoribus
2415 3746 2703 3832 prolatae

428 3860 596 3923 sunt,
653 3870 924 3932 quarum
971 3846 1123 3910 satis
1169 3845 1427 3909 habebo
1475 3846 1823 3909 nonnullas
1870 3845 2119 3908 afferre.
2205 3846 2404 3909 Dind.
2450 3847 2705 3910 scribit:

725 3995 881 4084 βοᾷ
929 3988 1122 4084 παρ’
1152 3991 1423 4080 ὄχθαις
1456 3995 1891 4081 ποταμίαις,
1939 3988 2186 4082 μάχης
2235 3989 2450 4084 ἐρῶν,

726 4095 946 4172 ἵππος
985 4094 1321 4182 χαλινῶν
1374 4090 1478 4172 (ὃς
1525 4093 2117 4181 κατασθμαίνων
2164 4095 2387 4183 μένει,

732 4192 933 4274 ὅστις
981 4191 1176 4285 βοὴν
1230 4190 1642 4284 σάλπιγγος
1694 4190 2029 4285 ὁρμαίνει
2081 4192 2350 4263 κλύων.
