3134 4842
484 152 566 213 20

396 314 626 402 fugare
671 336 865 400 posse
911 313 1091 392 dicit,
1137 337 1331 400 quam
1375 314 1621 379 infirmi
1664 317 1853 402 pueri
1896 318 2151 380 asinum
2182 311 2265 401 ¹);
2323 340 2486 403 quae
2520 319 2695 383 simi·

395 415 711 479 litudines
780 416 906 479 etsi
971 438 1007 478 a
1070 416 1265 480 rebus
1326 416 1709 501 ceteroquin
1756 440 1948 502 quam
1993 418 2278 481 maxime
2327 418 2693 504 disparibus

394 529 764 612 sumuntur,
830 529 1051 580 tamen
1109 516 1437 599 ejusmodi
1492 530 1664 591 sunt,
1710 529 1784 579 ut
1827 517 1907 580 ad
1955 539 2096 580 eam
2142 518 2354 603 ipsam
2400 542 2561 596 rem,
2610 520 2693 584 de

342 611 367 656 ·’
398 638 525 702 qua
569 617 802 703 agitur,
846 616 1299 680 illustrandam
1346 614 1511 678 nihil
1557 615 1791 702 aptius,
1839 616 2006 680 nihil
2052 617 2377 704 insignius
2413 621 2696 706 cogitari

397 719 626 803 possit.
738 717 808 782 Si
874 716 1016 801 quis
1083 740 1259 780 nunc
1313 716 1429 779 tali
1472 716 1759 801 imagine
1805 730 2120 795 uteretur,
2166 742 2419 795 vereor,
2465 743 2548 783 ne
2597 744 2696 784 ca-

400 817 716 883 chinnum
762 830 1239 892 commoveret3
1287 816 1640 881 absurdum
1679 817 1857 880 enim
1888 831 1954 881 et
1983 818 2332 882 ridiculum
2362 819 2698 884 videretur

376 899 832 983 *fortissimum
899 930 967 980 et
1030 917 1513 981 nobilissimum
1580 917 1851 981 heroem
1917 942 2066 982 cum
2134 920 2697 1005 contemptissima

397 1020 610 1084 bestia
665 1018 1044 1103 comparari.
1130 1017 1211 1081 Id
1262 1017 1556 1082 Homero
1604 1018 1719 1081 vix
1763 1031 1902 1082 erat
1945 1007 2327 1084 verendum.
2416 1019 2515 1083 Ea
2558 1033 2696 1083 erat

401 1120 704 1204 antiquae
773 1118 1002 1182 aetatis
1079 1117 1422 1182 hominum
1482 1119 1888 1205 simplicitas,
1935 1134 2008 1183 ut
2050 1120 2119 1183 in
2165 1121 2361 1184 rebus
2407 1120 2580 1184 inter
2625 1142 2693 1184 se

400 1219 855 1305 comparandis
940 1219 1030 1296 id,
1112 1219 1288 1305 quod
1365 1220 1635 1283 tertium
1716 1221 2219 1306 comparationis
2298 1221 2696 1298 continebat,

399 1333 624 1384 tenere
672 1332 962 1406 possent,
1010 1320 1227 1383 animo
1261 1343 1297 1382 a
1328 1333 1546 1384 cetera
1578 1320 1974 1398 diversitate,
2008 1334 2508 1407 quantacunque
2542 1335 2697 1399 erat,

401 1434 752 1485 sevocato«
816 1420 993 1484 Hinc
1037 1433 1189 1484 nata
1235 1433 1335 1484 est
1380 1420 1652 1483 illustris
1697 1421 1811 1484 illa
1841 1435 1908 1485 et
1936 1422 2284 1509 perspicua
2313 1422 2697 1498 similitudo,

402 1544 596 1608 quam
652 1522 722 1585 in
769 1522 1074 1585 omnibus
1120 1521 1397 1585 Homeri
1442 1522 2040 1607 comparationibus
2089 1523 2501 1587 admiramur.
2589 1522 2698 1586 Ab

399 1622 522 1687 hac
588 1622 1007 1709 simplicitate
1073 1622 1203 1685 iam
1268 1621 1502 1708 tragici
1567 1621 1860 1708 paullum
1929 1623 2382 1687 discesserant.
2485 1623 2701 1701 Quum

403 1724 579 1787 enim
636 1724 719 1787 ad
763 1746 979 1786 rerum
1026 1721 1461 1809 granditatem
1507 1722 1704 1785 etiam
1752 1724 2064 1786 orationis
2109 1723 2406 1788 habitum
2451 1747 2701 1788 accom-

401 1825 667 1889 modare
735 1824 1096 1900 studerent,
1163 1822 1605 1909 postulabant,
1672 1835 1747 1885 ut
1775 1834 1906 1885 ‘res
1955 1837 2329 1909 comparata
2373 1824 2563 1887 alteri
2606 1825 2703 1887 rei

401 1948 538 1989 non
592 1925 788 1988 modo
855 1947 987 1988 una
1038 1923 1291 1987 ratione
1352 1923 1604 2000 similis,
1652 1923 1767 1986 sed
1813 1923 2010 1985 etiam
2057 1923 2375 2009 dignitate
2423 1924 2702 2008 quadam

403 2024 806 2090 conveniens
854 2036 1057 2100 esset;
1104 2025 1288 2088 velut
1330 2022 1563 2087 heroes
1612 2046 1759 2087 cum
1816 2022 2044 2087 bestiis
2092 2036 2543 2110 comparantes
2587 2047 2703 2109 po-

402 2127 531 2190 tius
606 2125 864 2189 nobiles
930 2124 1193 2201 bestiae,
1259 2137 1334 2188 ut
1397 2124 1682 2200 leonem,
1741 2146 2001 2208 equum,
2050 2146 2243 2209 quam
2289 2137 2701 2211 contemptas

405 2226 756 2313 eligebant.
847 2225 1098 2289 Tamen
1166 2237 1232 2288 et
1296 2224 1424 2311 ipsi
1477 2224 1700 2287 multis
1744 2224 2141 2310 imaginibus
2189 2225 2702 2302 delectabantur,

405 2350 569 2413 quae
637 2326 828 2391 nobis
895 2326 1187 2410 abjectae
1245 2338 1311 2389 et
1364 2325 1732 2411 granditate
1779 2325 2153 2411 tragoediae
2201 2326 2417 2389 minus
2465 2326 2702 2413 dignae

403 2427 770 2491 videantur.
860 2426 991 2491 Sed
1036 2427 1116 2490 de
1161 2425 1283 2490 hac
1327 2449 1396 2489 re
1443 2425 1631 2511 plura
1672 2424 1864 2489 infra.
1952 2426 2081 2491 Hic
2127 2427 2280 2491 satis
2325 2425 2536 2491 habeo
2583 2440 2705 2490 sta-

403 2529 606 2592 tuisse
652 2528 721 2592 in
768 2528 995 2614 quavis
1041 2527 1327 2613 imagine
1375 2550 1514 2590 rem
1558 2526 1629 2590 in
1676 2549 1754 2590 eo
1800 2527 1988 2604 verti,
2032 2540 2253 2591 utrum
2297 2551 2399 2591 res
2447 2550 2705 2614 compa-

403 2642 541 2694 rata
590 2652 738 2693 cum
786 2628 987 2693 altera
1029 2651 1098 2692 re
1146 2628 1512 2714 speciosam
1559 2640 1627 2691 et
1668 2627 1992 2692 illustrem
2039 2628 2541 2693 similitudinem
2594 2628 2705 2691 ha-

401 2731 557 2796 beat
599 2752 846 2805 necne3
892 2729 1068 2814 quod
1100 2753 1277 2793 nunc
1309 2728 1629 2814 quaedam
1661 2751 1784 2805 reS,
1817 2729 2001 2791 velut
2032 2729 2349 2814 quaedam
2382 2728 2704 2805 animalia,

404 2832 497 2895 ita
538 2832 608 2894 in
652 2829 838 2917 gravi
881 2829 1147 2893 dicendi
1190 2852 1434 2914 genere
1481 2827 1778 2892 adhiberi
1822 2851 1955 2891 non
2000 2844 2296 2915 possunt,
2339 2828 2409 2891 id
2438 2828 2704 2892 fastidio

408 2932 692 3017 quodam
738 2930 1019 2994 delicato
1067 2942 1134 2993 et
1176 2927 1298 2993 hac
1343 2928 1788 2992 calumniandi
1829 2929 2128 3007 libidine,
2177 2952 2339 3015 quae
2389 2929 2608 2991 omnia
2635 2927 2706 2991 in

405 3032 609 3096 risum
653 3044 884 3109 vertat,
933 3029 1180 3093 factum
1227 3051 1369 3092 esse
1416 3042 1601 3114 puto,

575 3131 1142 3196 Considerandum
1186 3143 1288 3193 est
1315 3130 1531 3205 etiam,
1566 3152 1730 3213 quae
1763 3129 1926 3192 ratio
1959 3130 2132 3192 inter
2160 3151 2263 3193 res
2296 3142 2705 3215 comparatas

405 3233 800 3309 intercedat3
850 3255 1043 3318 quam
1076 3231 1342 3316 quidem
1373 3229 1430 3293 si
1459 3229 1866 3315 respicimus,
1899 3229 2029 3293 duo
2059 3253 2304 3316 genera
2331 3229 2704 3316 imaginum

354 3367 365 3376 -
409 3334 696 3398 discerni
725 3345 1020 3420 possunt,
1055 3355 1332 3417 quorum
1364 3330 1641 3394 alterum
1672 3332 2050 3402 descendens,
2076 3330 2352 3394 alterum
2377 3333 2708 3395 ascendens

408 3435 736 3522 appellare
781 3434 958 3498 licet.
1026 3432 1202 3496 Illud
1240 3431 1440 3518 longe
1484 3431 1985 3494 usitatissimum
2030 3445 2147 3509 est,
2186 3432 2256 3494 in
2290 3454 2419 3517 quo
2456 3455 2491 3493 a
2520 3454 2710 3517 supe-

406 3536 579 3599 riore
625 3534 709 3599 ad
750 3534 1049 3612 inferius,
1099 3555 1135 3596 a
1176 3556 1245 3596 re
1294 3555 1330 3595 a
1373 3531 1676 3595 sensibus
1724 3532 1931 3618 magis
1979 3545 2283 3596 sevocata
2328 3532 2409 3595 ad
2457 3555 2596 3594 rem
2625 3530 2708 3594 iis

409 3636 618 3723 magis
663 3636 1027 3720 subjectam
1068 3633 1398 3698 transitur.
1471 3631 1642 3695 Nam
1675 3655 1876 3717 quum
1907 3632 1982 3710 is,
2018 3634 2129 3718 qui
2157 3632 2449 3718 imagine
2483 3631 2708 3708 utitur,

409 3737 478 3801 id
524 3749 797 3824 spectet,
842 3749 916 3799 ut
947 3735 1235 3822 speciem
1283 3757 1478 3819 quam
1523 3732 1808 3797 maxime
1842 3743 2222 3819 expressam
2253 3731 2547 3818 effingat,
2585 3755 2711 3817 qua

408 3851 740 3924 tamquam
785 3860 854 3900 re
898 3836 1226 3922 praesenti
1253 3846 1595 3898 moveatur
1625 3833 1899 3910 animus,
1931 3833 2077 3897 fieri
2105 3857 2242 3897 non
2274 3846 2513 3919 potest,
2551 3834 2711 3919 quin

411 3938 493 4003 ad
562 3962 639 4002 ca
702 3937 1118 4024 potissimum
1174 3958 1244 3999 se
1300 3947 1659 4011 convertat,
1708 3957 1871 4019 quae
1919 3956 2149 3998 sensus
2211 3935 2352 4028 ejus
2396 3935 2710 3998 acerrime

409 4039 773 4125 impellant.
840 4038 1058 4104 Etiam
1091 4059 1290 4123 quum
1323 4058 1446 4113 res,
1481 4058 1755 4120 quarum
1784 4048 2059 4120 utraque
2093 4035 2216 4099 sub
2252 4058 2481 4099 sensus
2514 4035 2711 4112 cadit,

535 4217 576 4281 ¹)
614 4218 678 4266 11.
720 4219 797 4277 11,
836 4218 935 4266 558
971 4231 1113 4280 sequ.
