<?xml version="1.0" encoding="UTF-8"?>
<!DOCTYPE html PUBLIC "-//W3C//DTD XHTML 1.0 Transitional//EN"
    "http://www.w3.org/TR/xhtml1/DTD/xhtml1-transitional.dtd">
<html xmlns="http://www.w3.org/1999/xhtml" xml:lang="en" lang="en">
 <head>
  <title>
</title>
<meta http-equiv="Content-Type" content="text/html;charset=utf-8" />
  <meta name='ocr-system' content='tesseract 3.04.00' />
  <meta name='ocr-capabilities' content='ocr_page ocr_carea ocr_par ocr_line ocrx_word'/>
</head>
<body>
  <div class='ocr_page' id='page_1' title='image "./deimaginibusaes00dahlgoog_0069.png"; bbox 0 0 3134 4842; ppageno 0'>
   <div class='ocr_carea' id='block_1_1' title="bbox 2509 222 2590 284">
    <p class='ocr_par' dir='ltr' id='par_1_1' title="bbox 2509 222 2590 284">
     <span class='ocr_line' id='line_1_1' title="bbox 2509 222 2590 284; baseline 0.012 -1"><span class='ocrx_word' id='word_1_1' title='bbox 2509 222 2590 284; x_wconf 83' lang='lat'>63</span> 
     </span>
    </p>
   </div>
   <div class='ocr_carea' id='block_1_2' title="bbox 305 387 2684 4297">
    <p class='ocr_par' dir='ltr' id='par_1_2' title="bbox 305 387 2679 1784">
     <span class='ocr_line' id='line_1_2' title="bbox 391 387 2676 473; baseline 0 -23"><span class='ocrx_word' id='word_1_2' title='bbox 391 412 587 473; x_wconf 90' lang='lat' dir='ltr'>quum</span> <span class='ocrx_word' id='word_1_3' title='bbox 632 387 740 451; x_wconf 92' lang='lat' dir='ltr'>hic</span> <span class='ocrx_word' id='word_1_4' title='bbox 785 387 851 451; x_wconf 93' lang='lat' dir='ltr'>id</span> <span class='ocrx_word' id='word_1_5' title='bbox 889 401 1133 473; x_wconf 80' lang='lat' dir='ltr'><strong>agatur,</strong></span> <span class='ocrx_word' id='word_1_6' title='bbox 1165 401 1240 451; x_wconf 89' lang='lat' dir='ltr'>ut</span> <span class='ocrx_word' id='word_1_7' title='bbox 1270 388 1567 450; x_wconf 84' lang='lat' dir='ltr'>Minerva</span> <span class='ocrx_word' id='word_1_8' title='bbox 1599 387 1904 463; x_wconf 89' lang='lat' dir='ltr'>rationes,</span> <span class='ocrx_word' id='word_1_9' title='bbox 1939 410 2135 472; x_wconf 81' lang='lat' dir='ltr'>quare</span> <span class='ocrx_word' id='word_1_10' title='bbox 2170 387 2294 450; x_wconf 83' lang='lat' dir='ltr'>sibi</span> <span class='ocrx_word' id='word_1_11' title='bbox 2323 387 2450 472; x_wconf 89' lang='lat' dir='ltr'>ipsi</span> <span class='ocrx_word' id='word_1_12' title='bbox 2482 410 2676 451; x_wconf 90' lang='lat' dir='ltr'>causa</span> 
     </span>
     <span class='ocr_line' id='line_1_3' title="bbox 391 487 2670 573; baseline -0.001 -20"><span class='ocrx_word' id='word_1_13' title='bbox 391 489 637 553; x_wconf 88' lang='lat' dir='ltr'>Orestis</span> <span class='ocrx_word' id='word_1_14' title='bbox 699 488 1059 573; x_wconf 87' lang='lat' dir='ltr'>judicanda</span> <span class='ocrx_word' id='word_1_15' title='bbox 1125 511 1259 551; x_wconf 92' lang='lat' dir='ltr'>non</span> <span class='ocrx_word' id='word_1_16' title='bbox 1327 488 1428 565; x_wconf 90' lang='lat' dir='ltr'>sit,</span> <span class='ocrx_word' id='word_1_17' title='bbox 1485 487 1733 563; x_wconf 84' lang='lat' dir='ltr'>afferat,</span> <span class='ocrx_word' id='word_1_18' title='bbox 1782 487 1938 572; x_wconf 91' lang='lat' dir='ltr'>quid</span> <span class='ocrx_word' id='word_1_19' title='bbox 1986 487 2219 551; x_wconf 78' lang='lat' dir='ltr'><strong>attinet</strong></span> <span class='ocrx_word' id='word_1_20' title='bbox 2263 510 2406 551; x_wconf 89' lang='lat' dir='ltr'>eam</span> <span class='ocrx_word' id='word_1_21' title='bbox 2454 488 2670 551; x_wconf 83' lang='lat' dir='ltr'>dicere</span> 
     </span>
     <span class='ocr_line' id='line_1_4' title="bbox 388 586 2673 675; baseline -0 -23"><span class='ocrx_word' id='word_1_22' title='bbox 388 589 574 652; x_wconf 92' lang='lat' dir='ltr'>illum</span> <span class='ocrx_word' id='word_1_23' title='bbox 639 589 768 652; x_wconf 86' lang='lat' dir='ltr'>iam</span> <span class='ocrx_word' id='word_1_24' title='bbox 835 588 1126 653; x_wconf 90' lang='lat' dir='ltr'>adultum</span> <span class='ocrx_word' id='word_1_25' title='bbox 1187 586 1376 651; x_wconf 80' lang='lat' dir='ltr'>esse?</span> <span class='ocrx_word' id='word_1_26' title='bbox 1434 588 1619 673; x_wconf 80' lang='lat' dir='ltr'>quasi</span> <span class='ocrx_word' id='word_1_27' title='bbox 1660 610 1819 652; x_wconf 87' lang='lat' dir='ltr'>vero</span> <span class='ocrx_word' id='word_1_28' title='bbox 1867 611 2135 651; x_wconf 87' lang='lat' dir='ltr'>munere</span> <span class='ocrx_word' id='word_1_29' title='bbox 2176 587 2418 672; x_wconf 86' lang='lat' dir='ltr'>judicis</span> <span class='ocrx_word' id='word_1_30' title='bbox 2465 588 2673 675; x_wconf 88' lang='lat' dir='ltr'>magis</span> 
     </span>
     <span class='ocr_line' id='line_1_5' title="bbox 389 688 2673 778; baseline -0 -26"><span class='ocrx_word' id='word_1_31' title='bbox 389 691 578 776; x_wconf 78' lang='lat' dir='ltr'>fungi</span> <span class='ocrx_word' id='word_1_32' title='bbox 623 690 943 767; x_wconf 82' lang='lat' dir='ltr'>debuerit,</span> <span class='ocrx_word' id='word_1_33' title='bbox 991 691 1046 752; x_wconf 90' lang='lat' dir='ltr'>si</span> <span class='ocrx_word' id='word_1_34' title='bbox 1097 712 1261 775; x_wconf 86' lang='lat' dir='ltr'>puer</span> <span class='ocrx_word' id='word_1_35' title='bbox 1305 688 1570 752; x_wconf 81' lang='lat' dir='ltr'>Orestes</span> <span class='ocrx_word' id='word_1_36' title='bbox 1617 702 1823 778; x_wconf 67' lang='lat' dir='ltr'>esset.⁴</span> <span class='ocrx_word' id='word_1_37' title='bbox 1898 688 2082 752; x_wconf 91' lang='lat' dir='ltr'>Haec</span> <span class='ocrx_word' id='word_1_38' title='bbox 2126 702 2349 774; x_wconf 88' lang='lat' dir='ltr'>aperte</span> <span class='ocrx_word' id='word_1_39' title='bbox 2396 689 2673 753; x_wconf 85' lang='lat' dir='ltr'>absurda</span> 
     </span>
     <span class='ocr_line' id='line_1_6' title="bbox 391 788 2670 876; baseline -0 -23"><span class='ocrx_word' id='word_1_40' title='bbox 391 804 559 854; x_wconf 90' lang='lat' dir='ltr'>sunt.</span> <span class='ocrx_word' id='word_1_41' title='bbox 668 790 769 854; x_wconf 93' lang='lat' dir='ltr'>Ita</span> <span class='ocrx_word' id='word_1_42' title='bbox 832 790 1296 876; x_wconf 91' lang='lat' dir='ltr'>explicandum</span> <span class='ocrx_word' id='word_1_43' title='bbox 1356 804 1482 854; x_wconf 89' lang='lat' dir='ltr'>est:</span> <span class='ocrx_word' id='word_1_44' title='bbox 1559 788 1822 853; x_wconf 89' lang='lat' dir='ltr'>Orestes</span> <span class='ocrx_word' id='word_1_45' title='bbox 1880 790 2182 853; x_wconf 88' lang='lat' dir='ltr'>omnibus</span> <span class='ocrx_word' id='word_1_46' title='bbox 2228 789 2502 875; x_wconf 83' lang='lat' dir='ltr'>piaculis</span> <span class='ocrx_word' id='word_1_47' title='bbox 2548 789 2670 853; x_wconf 89' lang='lat' dir='ltr'>rite</span> 
     </span>
     <span class='ocr_line' id='line_1_7' title="bbox 388 890 2671 977; baseline -0.001 -22"><span class='ocrx_word' id='word_1_48' title='bbox 388 891 778 977; x_wconf 89' lang='lat' dir='ltr'>perpetratis</span> <span class='ocrx_word' id='word_1_49' title='bbox 834 891 1054 975; x_wconf 92' lang='lat' dir='ltr'>itaque</span> <span class='ocrx_word' id='word_1_50' title='bbox 1102 892 1281 954; x_wconf 92' lang='lat' dir='ltr'>omni</span> <span class='ocrx_word' id='word_1_51' title='bbox 1328 890 1592 954; x_wconf 88' lang='lat' dir='ltr'>sceleris</span> <span class='ocrx_word' id='word_1_52' title='bbox 1640 890 1893 954; x_wconf 90' lang='lat' dir='ltr'>macula</span> <span class='ocrx_word' id='word_1_53' title='bbox 1940 890 2114 954; x_wconf 89' lang='lat' dir='ltr'>eluta</span> <span class='ocrx_word' id='word_1_54' title='bbox 2160 890 2441 976; x_wconf 86' lang='lat' dir='ltr'>supplex</span> <span class='ocrx_word' id='word_1_55' title='bbox 2487 890 2671 974; x_wconf 85' lang='lat' dir='ltr'>quasi</span> 
     </span>
     <span class='ocr_line' id='line_1_8' title="bbox 389 989 2669 1075; baseline -0.001 -20"><span class='ocrx_word' id='word_1_56' title='bbox 389 1006 678 1055; x_wconf 88' lang='lat' dir='ltr'>maturus</span> <span class='ocrx_word' id='word_1_57' title='bbox 726 1005 844 1067; x_wconf 92' lang='lat' dir='ltr'>est,</span> <span class='ocrx_word' id='word_1_58' title='bbox 892 992 1062 1055; x_wconf 89' lang='lat' dir='ltr'>sicut</span> <span class='ocrx_word' id='word_1_59' title='bbox 1106 991 1409 1054; x_wconf 89' lang='lat' dir='ltr'>animalia</span> <span class='ocrx_word' id='word_1_60' title='bbox 1451 1004 1592 1055; x_wconf 92' lang='lat' dir='ltr'>tum</span> <span class='ocrx_word' id='word_1_61' title='bbox 1639 991 1904 1053; x_wconf 89' lang='lat' dir='ltr'>demum</span> <span class='ocrx_word' id='word_1_62' title='bbox 1951 1003 2202 1053; x_wconf 87' lang='lat' dir='ltr'>matura</span> <span class='ocrx_word' id='word_1_63' title='bbox 2244 989 2430 1068; x_wconf 90' lang='lat' dir='ltr'>fiunt,</span> <span class='ocrx_word' id='word_1_64' title='bbox 2471 1014 2669 1075; x_wconf 93' lang='lat' dir='ltr'>quum</span> 
     </span>
     <span class='ocr_line' id='line_1_9' title="bbox 391 1084 2679 1181; baseline -0.001 -26"><span class='ocrx_word' id='word_1_65' title='bbox 391 1115 618 1155; x_wconf 90' lang='lat' dir='ltr'>omnes</span> <span class='ocrx_word' id='word_1_66' title='bbox 676 1092 905 1155; x_wconf 92' lang='lat' dir='ltr'>dentes</span> <span class='ocrx_word' id='word_1_67' title='bbox 960 1091 1248 1178; x_wconf 89' lang='lat' dir='ltr'>pullinos</span> <span class='ocrx_word' id='word_1_68' title='bbox 1295 1093 1651 1177; x_wconf 84' lang='lat' dir='ltr'>ejecerunt.</span> <span class='ocrx_word' id='word_1_69' title='bbox 1744 1090 1850 1154; x_wconf 88' lang='lat' dir='ltr'>Sic</span> <span class='ocrx_word' id='word_1_70' title='bbox 1895 1084 2367 1181; x_wconf 72' lang='grc' dir='ltr'><strong><em>κατηρτυκεός</em></strong></span> <span class='ocrx_word' id='word_1_71' title='bbox 2411 1104 2479 1155; x_wconf 93' lang='lat' dir='ltr'>et</span> <span class='ocrx_word' id='word_1_72' title='bbox 2523 1115 2679 1154; x_wconf 19' lang='lat' dir='ltr'>cum*</span> 
     </span>
     <span class='ocr_line' id='line_1_10' title="bbox 305 1182 2670 1283; baseline -0.001 -26"><span class='ocrx_word' id='word_1_73' title='bbox 305 1200 308 1203; x_wconf 78' lang='grc'><strong>’</strong></span> <span class='ocrx_word' id='word_1_74' title='bbox 389 1185 738 1283; x_wconf 75' lang='grc' dir='ltr'><strong><em>καθαρὸς</em></strong></span> <span class='ocrx_word' id='word_1_75' title='bbox 803 1185 1150 1280; x_wconf 67' lang='grc' dir='ltr'><strong><em>ἀβλαβής</em></strong></span> <span class='ocrx_word' id='word_1_76' title='bbox 1216 1206 1282 1256; x_wconf 91' lang='lat' dir='ltr'>et</span> <span class='ocrx_word' id='word_1_77' title='bbox 1347 1182 1495 1255; x_wconf 90' lang='lat' dir='ltr'>cum</span> <span class='ocrx_word' id='word_1_78' title='bbox 1562 1191 1869 1254; x_wconf 86' lang='lat' dir='ltr'>universa</span> <span class='ocrx_word' id='word_1_79' title='bbox 1931 1192 2064 1255; x_wconf 88' lang='lat' dir='ltr'>loci</span> <span class='ocrx_word' id='word_1_80' title='bbox 2131 1192 2459 1256; x_wconf 90' lang='lat' dir='ltr'>sententia</span> <span class='ocrx_word' id='word_1_81' title='bbox 2500 1194 2670 1255; x_wconf 91' lang='lat' dir='ltr'>bene</span> 
     </span>
     <span class='ocr_line' id='line_1_11' title="bbox 392 1290 2670 1379; baseline -0 -23"><span class='ocrx_word' id='word_1_82' title='bbox 392 1293 712 1379; x_wconf 87' lang='lat' dir='ltr'>congruit.</span> <span class='ocrx_word' id='word_1_83' title='bbox 800 1293 1098 1357; x_wconf 87' lang='lat' dir='ltr'>Minerva</span> <span class='ocrx_word' id='word_1_84' title='bbox 1142 1316 1209 1357; x_wconf 90' lang='lat' dir='ltr'>se</span> <span class='ocrx_word' id='word_1_85' title='bbox 1259 1294 1419 1357; x_wconf 90' lang='lat' dir='ltr'>dicit</span> <span class='ocrx_word' id='word_1_86' title='bbox 1453 1293 1748 1378; x_wconf 87' lang='lat' dir='ltr'>judicem</span> <span class='ocrx_word' id='word_1_87' title='bbox 1790 1290 2038 1356; x_wconf 86' lang='lat' dir='ltr'>Orestis</span> <span class='ocrx_word' id='word_1_88' title='bbox 2070 1292 2214 1355; x_wconf 87' lang='lat' dir='ltr'>fieri</span> <span class='ocrx_word' id='word_1_89' title='bbox 2244 1317 2378 1356; x_wconf 90' lang='lat' dir='ltr'>non</span> <span class='ocrx_word' id='word_1_90' title='bbox 2411 1293 2670 1369; x_wconf 88' lang='lat' dir='ltr'>debere,</span> 
     </span>
     <span class='ocr_line' id='line_1_12' title="bbox 393 1393 2670 1480; baseline -0 -24"><span class='ocrx_word' id='word_1_91' title='bbox 393 1396 698 1477; x_wconf 89' lang='lat' dir='ltr'>quoniam</span> <span class='ocrx_word' id='word_1_92' title='bbox 766 1394 1048 1480; x_wconf 86' lang='lat' dir='ltr'>supplex</span> <span class='ocrx_word' id='word_1_93' title='bbox 1113 1394 1235 1457; x_wconf 90' lang='lat' dir='ltr'>rite</span> <span class='ocrx_word' id='word_1_94' title='bbox 1293 1394 1603 1457; x_wconf 89' lang='lat' dir='ltr'>lustratus</span> <span class='ocrx_word' id='word_1_95' title='bbox 1664 1393 1777 1468; x_wconf 85' lang='lat' dir='ltr'>sit3</span> <span class='ocrx_word' id='word_1_96' title='bbox 1826 1416 2014 1456; x_wconf 90' lang='lat' dir='ltr'>suum</span> <span class='ocrx_word' id='word_1_97' title='bbox 2062 1393 2234 1456; x_wconf 90' lang='lat' dir='ltr'>enim</span> <span class='ocrx_word' id='word_1_98' title='bbox 2284 1416 2425 1456; x_wconf 87' lang='lat' dir='ltr'>esse</span> <span class='ocrx_word' id='word_1_99' title='bbox 2471 1393 2670 1457; x_wconf 88' lang='lat' dir='ltr'>talem</span> 
     </span>
     <span class='ocr_line' id='line_1_13' title="bbox 392 1493 2676 1581; baseline 0 -25"><span class='ocrx_word' id='word_1_100' title='bbox 392 1495 752 1581; x_wconf 86' lang='lat' dir='ltr'>supplicem</span> <span class='ocrx_word' id='word_1_101' title='bbox 819 1495 1010 1570; x_wconf 89' lang='lat' dir='ltr'>tueri,</span> <span class='ocrx_word' id='word_1_102' title='bbox 1077 1518 1210 1558; x_wconf 89' lang='lat' dir='ltr'>non</span> <span class='ocrx_word' id='word_1_103' title='bbox 1271 1494 1587 1578; x_wconf 87' lang='lat' dir='ltr'>judicare.</span> <span class='ocrx_word' id='word_1_104' title='bbox 1695 1493 1951 1557; x_wconf 82' lang='lat' dir='ltr'>Eodem</span> <span class='ocrx_word' id='word_1_105' title='bbox 2004 1493 2143 1556; x_wconf 84' lang='lat' dir='ltr'>fere</span> <span class='ocrx_word' id='word_1_106' title='bbox 2191 1495 2388 1558; x_wconf 89' lang='lat' dir='ltr'>modo</span> <span class='ocrx_word' id='word_1_107' title='bbox 2435 1494 2676 1557; x_wconf 89' lang='lat' dir='ltr'>dicitur</span> 
     </span>
     <span class='ocr_line' id='line_1_14' title="bbox 387 1587 2669 1683; baseline 0 -24"><span class='ocrx_word' id='word_1_108' title='bbox 387 1589 862 1683; x_wconf 75' lang='grc' dir='ltr'><strong><em>κατηρτυκοός</em></strong></span> <span class='ocrx_word' id='word_1_109' title='bbox 945 1595 1101 1657; x_wconf 87' lang='lat' dir='ltr'>Eur.</span> <span class='ocrx_word' id='word_1_110' title='bbox 1169 1595 1275 1658; x_wconf 80' lang='lat' dir='ltr'>Fr.</span> <span class='ocrx_word' id='word_1_111' title='bbox 1346 1596 1452 1658; x_wconf 84' lang='lat'>19:</span> <span class='ocrx_word' id='word_1_112' title='bbox 1519 1595 1651 1659; x_wconf 83' lang='grc' dir='ltr'>νῦν</span> <span class='ocrx_word' id='word_1_113' title='bbox 1727 1587 2115 1679; x_wconf 73' lang='grc' dir='ltr'>δ’ἆμβλύς</span> <span class='ocrx_word' id='word_1_114' title='bbox 2177 1593 2319 1680; x_wconf 78' lang='grc' dir='ltr'><em>εἶμι</em></span> <span class='ocrx_word' id='word_1_115' title='bbox 2373 1591 2494 1660; x_wconf 75' lang='grc' dir='ltr'>καὶ</span> <span class='ocrx_word' id='word_1_116' title='bbox 2544 1616 2669 1660; x_wconf 78' lang='grc' dir='ltr'>κα-</span> 
     </span>
     <span class='ocr_line' id='line_1_15' title="bbox 394 1689 1095 1784; baseline -0.003 -23"><span class='ocrx_word' id='word_1_117' title='bbox 394 1689 771 1784; x_wconf 71' lang='grc' dir='ltr'><strong><em>τηρτυκὼς</em></strong></span> <span class='ocrx_word' id='word_1_118' title='bbox 820 1695 1095 1760; x_wconf 69' lang='grc' dir='ltr'><strong><em>κακῶν.</em></strong></span> 
     </span>
    </p>

    <p class='ocr_par' dir='ltr' id='par_1_3' title="bbox 374 1796 2684 4297">
     <span class='ocr_line' id='line_1_16' title="bbox 560 1796 2680 1882; baseline -0 -23"><span class='ocrx_word' id='word_1_119' title='bbox 560 1799 588 1879; x_wconf 80' lang='lat'>§</span> <span class='ocrx_word' id='word_1_120' title='bbox 613 1798 670 1859; x_wconf 80' lang='lat'>2.</span> <span class='ocrx_word' id='word_1_121' title='bbox 701 1796 1044 1882; x_wconf 86' lang='lat' dir='ltr'>Expositis</span> <span class='ocrx_word' id='word_1_122' title='bbox 1075 1796 1205 1859; x_wconf 88' lang='lat' dir='ltr'>iam</span> <span class='ocrx_word' id='word_1_123' title='bbox 1233 1796 1312 1859; x_wconf 83' lang='lat' dir='ltr'>iis</span> <span class='ocrx_word' id='word_1_124' title='bbox 1344 1796 1760 1882; x_wconf 85' lang='lat' dir='ltr'>imaginibus,</span> <span class='ocrx_word' id='word_1_125' title='bbox 1795 1818 1956 1880; x_wconf 90' lang='lat' dir='ltr'>quae</span> <span class='ocrx_word' id='word_1_126' title='bbox 1992 1796 2071 1858; x_wconf 90' lang='lat' dir='ltr'>ad</span> <span class='ocrx_word' id='word_1_127' title='bbox 2101 1810 2409 1860; x_wconf 85' lang='lat' dir='ltr'>naturam.</span> <span class='ocrx_word' id='word_1_128' title='bbox 2431 1796 2680 1859; x_wconf 78' lang='lat' dir='ltr'>anima-</span> 
     </span>
     <span class='ocr_line' id='line_1_17' title="bbox 391 1896 2672 1983; baseline 0 -24"><span class='ocrx_word' id='word_1_129' title='bbox 391 1897 551 1959; x_wconf 90' lang='lat' dir='ltr'>lium</span> <span class='ocrx_word' id='word_1_130' title='bbox 617 1897 768 1960; x_wconf 90' lang='lat' dir='ltr'>illae</span> <span class='ocrx_word' id='word_1_131' title='bbox 831 1896 1114 1981; x_wconf 91' lang='lat' dir='ltr'>quidem,</span> <span class='ocrx_word' id='word_1_132' title='bbox 1175 1897 1287 1960; x_wconf 88' lang='lat' dir='ltr'>sed</span> <span class='ocrx_word' id='word_1_133' title='bbox 1335 1920 1468 1960; x_wconf 91' lang='lat' dir='ltr'>non</span> <span class='ocrx_word' id='word_1_134' title='bbox 1516 1897 1598 1959; x_wconf 91' lang='lat' dir='ltr'>ad</span> <span class='ocrx_word' id='word_1_135' title='bbox 1644 1896 1904 1983; x_wconf 90' lang='lat' dir='ltr'>singula</span> <span class='ocrx_word' id='word_1_136' title='bbox 1948 1920 2175 1960; x_wconf 91' lang='lat' dir='ltr'>eorum</span> <span class='ocrx_word' id='word_1_137' title='bbox 2220 1919 2464 1983; x_wconf 89' lang='lat' dir='ltr'>genera</span> <span class='ocrx_word' id='word_1_138' title='bbox 2506 1896 2672 1959; x_wconf 88' lang='lat' dir='ltr'>refe-</span> 
     </span>
     <span class='ocr_line' id='line_1_18' title="bbox 390 1997 2683 2084; baseline 0.001 -25"><span class='ocrx_word' id='word_1_139' title='bbox 390 2010 636 2074; x_wconf 87' lang='lat' dir='ltr'>runtur,</span> <span class='ocrx_word' id='word_1_140' title='bbox 684 2021 860 2061; x_wconf 92' lang='lat' dir='ltr'>nunc</span> <span class='ocrx_word' id='word_1_141' title='bbox 906 1997 985 2061; x_wconf 92' lang='lat' dir='ltr'>ad</span> <span class='ocrx_word' id='word_1_142' title='bbox 1030 1997 1305 2062; x_wconf 88' lang='lat' dir='ltr'>alterum</span> <span class='ocrx_word' id='word_1_143' title='bbox 1351 2020 1559 2084; x_wconf 88' lang='lat' dir='ltr'>genus</span> <span class='ocrx_word' id='word_1_144' title='bbox 1605 2010 1887 2074; x_wconf 87' lang='lat' dir='ltr'>transe0,</span> <span class='ocrx_word' id='word_1_145' title='bbox 1935 1998 2109 2082; x_wconf 90' lang='lat' dir='ltr'>quod</span> <span class='ocrx_word' id='word_1_146' title='bbox 2143 2021 2254 2061; x_wconf 87' lang='lat' dir='ltr'>eos</span> <span class='ocrx_word' id='word_1_147' title='bbox 2285 1998 2467 2061; x_wconf 91' lang='lat' dir='ltr'>locos</span> <span class='ocrx_word' id='word_1_148' title='bbox 2502 2020 2683 2061; x_wconf 75' lang='lat' dir='ltr'>com-</span> 
     </span>
     <span class='ocr_line' id='line_1_19' title="bbox 388 2097 2684 2184; baseline 0 -24"><span class='ocrx_word' id='word_1_149' title='bbox 388 2097 862 2184; x_wconf 88' lang='lat' dir='ltr'>prehensurum</span> <span class='ocrx_word' id='word_1_150' title='bbox 929 2098 1087 2175; x_wconf 86' lang='lat' dir='ltr'>dixi,</span> <span class='ocrx_word' id='word_1_151' title='bbox 1143 2099 1212 2161; x_wconf 92' lang='lat' dir='ltr'>in</span> <span class='ocrx_word' id='word_1_152' title='bbox 1271 2098 1506 2183; x_wconf 88' lang='lat' dir='ltr'>quibus</span> <span class='ocrx_word' id='word_1_153' title='bbox 1554 2121 1703 2161; x_wconf 91' lang='lat' dir='ltr'>cum</span> <span class='ocrx_word' id='word_1_154' title='bbox 1751 2099 1943 2162; x_wconf 86' lang='lat' dir='ltr'>certis</span> <span class='ocrx_word' id='word_1_155' title='bbox 2000 2098 2388 2183; x_wconf 89' lang='lat' dir='ltr'>quibusdam</span> <span class='ocrx_word' id='word_1_156' title='bbox 2434 2098 2684 2161; x_wconf 69' lang='lat' dir='ltr'>anima—</span> 
     </span>
     <span class='ocr_line' id='line_1_20' title="bbox 385 2197 2673 2285; baseline 0 -24"><span class='ocrx_word' id='word_1_157' title='bbox 385 2199 555 2261; x_wconf 88' lang='lat' dir='ltr'>libus</span> <span class='ocrx_word' id='word_1_158' title='bbox 624 2197 813 2261; x_wconf 89' lang='lat' dir='ltr'>fieret</span> <span class='ocrx_word' id='word_1_159' title='bbox 869 2199 1287 2285; x_wconf 81' lang='lat' dir='ltr'>comparatio,</span> <span class='ocrx_word' id='word_1_160' title='bbox 1397 2198 1669 2262; x_wconf 89' lang='lat' dir='ltr'>Initium</span> <span class='ocrx_word' id='word_1_161' title='bbox 1725 2198 1970 2263; x_wconf 89' lang='lat' dir='ltr'>faciant</span> <span class='ocrx_word' id='word_1_162' title='bbox 2013 2199 2265 2285; x_wconf 88' lang='lat' dir='ltr'>aliquot</span> <span class='ocrx_word' id='word_1_163' title='bbox 2310 2200 2385 2262; x_wconf 88' lang='lat' dir='ltr'>ab</span> <span class='ocrx_word' id='word_1_164' title='bbox 2433 2202 2673 2263; x_wconf 76' lang='lat' dir='ltr'>insectis</span> 
     </span>
     <span class='ocr_line' id='line_1_21' title="bbox 386 2299 2670 2385; baseline 0 -24"><span class='ocrx_word' id='word_1_165' title='bbox 386 2299 619 2362; x_wconf 86' lang='lat' dir='ltr'>ductae</span> <span class='ocrx_word' id='word_1_166' title='bbox 664 2299 1005 2384; x_wconf 79' lang='lat' dir='ltr'>imagines,</span> <span class='ocrx_word' id='word_1_167' title='bbox 1094 2302 1222 2385; x_wconf 91' lang='lat' dir='ltr'>Ag.</span> <span class='ocrx_word' id='word_1_168' title='bbox 1271 2301 1434 2362; x_wconf 79' lang='lat'>1492</span> <span class='ocrx_word' id='word_1_169' title='bbox 1480 2313 1547 2362; x_wconf 92' lang='lat' dir='ltr'>et</span> <span class='ocrx_word' id='word_1_170' title='bbox 1596 2300 1756 2363; x_wconf 86' lang='lat'>1516</span> <span class='ocrx_word' id='word_1_171' title='bbox 1805 2323 1882 2363; x_wconf 90' lang='lat' dir='ltr'>ea</span> <span class='ocrx_word' id='word_1_172' title='bbox 1923 2300 2146 2376; x_wconf 81' lang='lat' dir='ltr'>vestiS,</span> <span class='ocrx_word' id='word_1_173' title='bbox 2191 2323 2317 2384; x_wconf 89' lang='lat' dir='ltr'>qua</span> <span class='ocrx_word' id='word_1_174' title='bbox 2346 2299 2670 2363; x_wconf 88' lang='lat' dir='ltr'>irretitum</span> 
     </span>
     <span class='ocr_line' id='line_1_22' title="bbox 390 2399 2669 2485; baseline 0.001 -24"><span class='ocrx_word' id='word_1_175' title='bbox 390 2399 908 2484; x_wconf 85' lang='lat' dir='ltr'>Clytaemnestra</span> <span class='ocrx_word' id='word_1_176' title='bbox 971 2403 1543 2485; x_wconf 85' lang='lat' dir='ltr'>Agamemnonem</span> <span class='ocrx_word' id='word_1_177' title='bbox 1610 2400 1888 2477; x_wconf 86' lang='lat' dir='ltr'>necavit,</span> <span class='ocrx_word' id='word_1_178' title='bbox 1957 2423 2103 2463; x_wconf 91' lang='lat' dir='ltr'>cum</span> <span class='ocrx_word' id='word_1_179' title='bbox 2161 2401 2362 2463; x_wconf 85' lang='lat' dir='ltr'>textis</span> <span class='ocrx_word' id='word_1_180' title='bbox 2417 2400 2669 2463; x_wconf 87' lang='lat' dir='ltr'>araneis</span> 
     </span>
     <span class='ocr_line' id='line_1_23' title="bbox 391 2499 2671 2586; baseline 0.001 -24"><span class='ocrx_word' id='word_1_181' title='bbox 391 2514 825 2585; x_wconf 89' lang='lat' dir='ltr'>comparatur;</span> <span class='ocrx_word' id='word_1_182' title='bbox 873 2523 949 2562; x_wconf 91' lang='lat' dir='ltr'>ea</span> <span class='ocrx_word' id='word_1_183' title='bbox 994 2501 1170 2563; x_wconf 90' lang='lat' dir='ltr'>enim</span> <span class='ocrx_word' id='word_1_184' title='bbox 1214 2499 1327 2562; x_wconf 89' lang='lat' dir='ltr'>ille</span> <span class='ocrx_word' id='word_1_185' title='bbox 1372 2500 1463 2562; x_wconf 89' lang='lat' dir='ltr'>ita</span> <span class='ocrx_word' id='word_1_186' title='bbox 1506 2500 1879 2586; x_wconf 88' lang='lat' dir='ltr'>implicatus</span> <span class='ocrx_word' id='word_1_187' title='bbox 1929 2514 2085 2576; x_wconf 85' lang='lat' dir='ltr'>erat,</span> <span class='ocrx_word' id='word_1_188' title='bbox 2130 2513 2204 2567; x_wconf 87' lang='lat' dir='ltr'>ut</span> <span class='ocrx_word' id='word_1_189' title='bbox 2249 2501 2499 2564; x_wconf 87' lang='lat' dir='ltr'>araneis</span> <span class='ocrx_word' id='word_1_190' title='bbox 2532 2524 2671 2564; x_wconf 90' lang='lat' dir='ltr'>mu·</span> 
     </span>
     <span class='ocr_line' id='line_1_24' title="bbox 391 2592 2669 2695; baseline 0.002 -33"><span class='ocrx_word' id='word_1_191' title='bbox 391 2623 534 2662; x_wconf 84' lang='lat' dir='ltr'>scae</span> <span class='ocrx_word' id='word_1_192' title='bbox 579 2601 685 2663; x_wconf 86' lang='lat' dir='ltr'>vel</span> <span class='ocrx_word' id='word_1_193' title='bbox 730 2601 854 2664; x_wconf 87' lang='lat' dir='ltr'>alia</span> <span class='ocrx_word' id='word_1_194' title='bbox 895 2600 1173 2664; x_wconf 89' lang='lat' dir='ltr'>insecta:</span> <span class='ocrx_word' id='word_1_195' title='bbox 1204 2605 1435 2665; x_wconf 78' lang='grc' dir='ltr'><strong><em>κεῖσαι</em></strong></span> <span class='ocrx_word' id='word_1_196' title='bbox 1466 2592 1885 2690; x_wconf 72' lang='grc' dir='ltr'>δ’ἅροῖχνης</span> <span class='ocrx_word' id='word_1_197' title='bbox 1926 2595 2001 2665; x_wconf 77' lang='grc' dir='ltr'>ἐν</span> <span class='ocrx_word' id='word_1_198' title='bbox 2046 2594 2436 2695; x_wconf 72' lang='grc' dir='ltr'>ὑφάσματι</span> <span class='ocrx_word' id='word_1_199' title='bbox 2480 2593 2669 2687; x_wconf 69' lang='grc' dir='ltr'>τῷδ’</span> 
     </span>
     <span class='ocr_line' id='line_1_25' title="bbox 389 2692 2668 2787; baseline 0.002 -24"><span class='ocrx_word' id='word_1_200' title='bbox 389 2692 651 2783; x_wconf 68' lang='grc' dir='ltr'><em>ἀσεβεῖ</em></span> <span class='ocrx_word' id='word_1_201' title='bbox 715 2694 1031 2787; x_wconf 73' lang='grc' dir='ltr'><strong><em>θανάτῳ</em></strong></span> <span class='ocrx_word' id='word_1_202' title='bbox 1104 2698 1276 2782; x_wconf 80' lang='grc' dir='ltr'><strong><em>βίον</em></strong></span> <span class='ocrx_word' id='word_1_203' title='bbox 1347 2694 1689 2784; x_wconf 78' lang='grc' dir='ltr'>ἐκπνέων,</span> <span class='ocrx_word' id='word_1_204' title='bbox 1756 2701 1926 2764; x_wconf 86' lang='lat' dir='ltr'>Vide</span> <span class='ocrx_word' id='word_1_205' title='bbox 1990 2701 2185 2764; x_wconf 87' lang='lat' dir='ltr'>Hom.</span> <span class='ocrx_word' id='word_1_206' title='bbox 2244 2701 2364 2765; x_wconf 89' lang='lat' dir='ltr'>Od.</span> <span class='ocrx_word' id='word_1_207' title='bbox 2423 2704 2479 2779; x_wconf 85' lang='lat'>8,</span> <span class='ocrx_word' id='word_1_208' title='bbox 2528 2704 2668 2780; x_wconf 81' lang='lat'>280,</span> 
     </span>
     <span class='ocr_line' id='line_1_26' title="bbox 389 2801 2670 2887; baseline 0.001 -24"><span class='ocrx_word' id='word_1_209' title='bbox 389 2801 500 2864; x_wconf 92' lang='lat' dir='ltr'>ubi</span> <span class='ocrx_word' id='word_1_210' title='bbox 553 2815 688 2865; x_wconf 90' lang='lat' dir='ltr'>rete</span> <span class='ocrx_word' id='word_1_211' title='bbox 736 2824 772 2864; x_wconf 88' lang='lat' dir='ltr'>a</span> <span class='ocrx_word' id='word_1_212' title='bbox 814 2801 1114 2865; x_wconf 88' lang='lat' dir='ltr'>Vulcano</span> <span class='ocrx_word' id='word_1_213' title='bbox 1161 2801 1557 2879; x_wconf 87' lang='lat' dir='ltr'>confectum,</span> <span class='ocrx_word' id='word_1_214' title='bbox 1607 2825 1734 2887; x_wconf 92' lang='lat' dir='ltr'>quo</span> <span class='ocrx_word' id='word_1_215' title='bbox 1782 2801 1955 2864; x_wconf 84' lang='lat' dir='ltr'>Mars</span> <span class='ocrx_word' id='word_1_216' title='bbox 2004 2816 2069 2865; x_wconf 93' lang='lat' dir='ltr'>et</span> <span class='ocrx_word' id='word_1_217' title='bbox 2115 2801 2342 2865; x_wconf 59' lang='lat' dir='ltr'>&#39;Venus</span> <span class='ocrx_word' id='word_1_218' title='bbox 2388 2803 2670 2866; x_wconf 88' lang='lat' dir='ltr'>induun-</span> 
     </span>
     <span class='ocr_line' id='line_1_27' title="bbox 386 2894 2667 2991; baseline 0.001 -27"><span class='ocrx_word' id='word_1_219' title='bbox 386 2916 508 2979; x_wconf 88' lang='lat' dir='ltr'>tur,</span> <span class='ocrx_word' id='word_1_220' title='bbox 557 2926 702 2965; x_wconf 89' lang='lat' dir='ltr'>cum</span> <span class='ocrx_word' id='word_1_221' title='bbox 738 2903 988 2965; x_wconf 86' lang='lat' dir='ltr'>araneis</span> <span class='ocrx_word' id='word_1_222' title='bbox 1022 2916 1460 2987; x_wconf 86' lang='lat' dir='ltr'>comparatur:</span> <span class='ocrx_word' id='word_1_223' title='bbox 1495 2894 2003 2991; x_wconf 73' lang='grc' dir='ltr'><strong><em>ἠύτ’ἅροῖχνια</em></strong></span> <span class='ocrx_word' id='word_1_224' title='bbox 2042 2897 2293 2973; x_wconf 63' lang='grc' dir='ltr'><em>λεπτά.</em></span> <span class='ocrx_word' id='word_1_225' title='bbox 2325 2941 2410 2950; x_wconf 93' lang='lat'>—-</span> <span class='ocrx_word' id='word_1_226' title='bbox 2442 2903 2667 2990; x_wconf 88' lang='lat' dir='ltr'>Suppl.</span> 
     </span>
     <span class='ocr_line' id='line_1_28' title="bbox 387 3003 2670 3090; baseline 0.001 -25"><span class='ocrx_word' id='word_1_227' title='bbox 387 3004 507 3066; x_wconf 77' lang='lat'>886</span> <span class='ocrx_word' id='word_1_228' title='bbox 552 3003 884 3066; x_wconf 84' lang='lat' dir='ltr'>Danaides</span> <span class='ocrx_word' id='word_1_229' title='bbox 930 3025 1343 3088; x_wconf 84' lang='lat' dir='ltr'>praeconem,</span> <span class='ocrx_word' id='word_1_230' title='bbox 1391 3026 1586 3087; x_wconf 91' lang='lat' dir='ltr'>quem</span> <span class='ocrx_word' id='word_1_231' title='bbox 1634 3003 1713 3067; x_wconf 89' lang='lat' dir='ltr'>ad</span> <span class='ocrx_word' id='word_1_232' title='bbox 1761 3027 1828 3066; x_wconf 88' lang='lat' dir='ltr'>se</span> <span class='ocrx_word' id='word_1_233' title='bbox 1877 3003 2291 3090; x_wconf 88' lang='lat' dir='ltr'>abripiendas</span> <span class='ocrx_word' id='word_1_234' title='bbox 2322 3005 2670 3090; x_wconf 89' lang='lat' dir='ltr'>appropin-</span> 
     </span>
     <span class='ocr_line' id='line_1_29' title="bbox 388 3098 2672 3192; baseline 0.002 -27"><span class='ocrx_word' id='word_1_235' title='bbox 388 3116 696 3187; x_wconf 89' lang='lat' dir='ltr'>quantem</span> <span class='ocrx_word' id='word_1_236' title='bbox 759 3103 1007 3181; x_wconf 83' lang='lat' dir='ltr'>vident,</span> <span class='ocrx_word' id='word_1_237' title='bbox 1076 3126 1223 3167; x_wconf 92' lang='lat' dir='ltr'>cum</span> <span class='ocrx_word' id='word_1_238' title='bbox 1277 3126 1510 3167; x_wconf 87' lang='lat' dir='ltr'>aranea</span> <span class='ocrx_word' id='word_1_239' title='bbox 1554 3118 1964 3189; x_wconf 88' lang='lat' dir='ltr'>comparant:</span> <span class='ocrx_word' id='word_1_240' title='bbox 2005 3098 2430 3192; x_wconf 78' lang='grc' dir='ltr'>μαλδαοῖγει</span> <span class='ocrx_word' id='word_1_241' title='bbox 2483 3101 2672 3191; x_wconf 74' lang='grc' dir='ltr'>ἄρα·</span> 
     </span>
     <span class='ocr_line' id='line_1_30' title="bbox 374 3197 2670 3295; baseline -0 -26"><span class='ocrx_word' id='word_1_242' title='bbox 374 3223 556 3289; x_wconf 81' lang='grc' dir='ltr'><strong><em>χνος</em></strong></span> <span class='ocrx_word' id='word_1_243' title='bbox 601 3199 703 3278; x_wconf 72' lang='grc' dir='ltr'>οὓς</span> <span class='ocrx_word' id='word_1_244' title='bbox 743 3197 990 3293; x_wconf 68' lang='grc' dir='ltr'><strong><em>βάδην</em></strong></span> <span class='ocrx_word' id='word_1_245' title='bbox 1032 3200 1217 3295; x_wconf 69' lang='grc' dir='ltr'><strong><em>ὄναρ</em></strong></span> <span class='ocrx_word' id='word_1_246' title='bbox 1257 3203 1494 3289; x_wconf 74' lang='grc' dir='ltr'><strong><em>μέλαν</em></strong></span> <span class='ocrx_word' id='word_1_247' title='bbox 1527 3205 1783 3291; x_wconf 80' lang='grc' dir='ltr'><strong><em>μέλαν.</em></strong></span> <span class='ocrx_word' id='word_1_248' title='bbox 1859 3205 1985 3269; x_wconf 88' lang='lat' dir='ltr'>Pro</span> <span class='ocrx_word' id='word_1_249' title='bbox 2014 3199 2457 3293; x_wconf 74' lang='grc' dir='ltr'><strong><em>μαλδαοὶγει,</em></strong></span> <span class='ocrx_word' id='word_1_250' title='bbox 2491 3206 2670 3290; x_wconf 90' lang='lat' dir='ltr'>quod</span> 
     </span>
     <span class='ocr_line' id='line_1_31' title="bbox 387 3297 2669 3395; baseline 0.002 -30"><span class='ocrx_word' id='word_1_251' title='bbox 387 3318 607 3390; x_wconf 86' lang='lat' dir='ltr'>aperte</span> <span class='ocrx_word' id='word_1_252' title='bbox 676 3327 866 3368; x_wconf 85' lang='lat' dir='ltr'>sensu</span> <span class='ocrx_word' id='word_1_253' title='bbox 938 3319 1132 3383; x_wconf 90' lang='lat' dir='ltr'>caret,</span> <span class='ocrx_word' id='word_1_254' title='bbox 1199 3305 1424 3369; x_wconf 90' lang='lat' dir='ltr'>Herm.</span> <span class='ocrx_word' id='word_1_255' title='bbox 1493 3307 1719 3371; x_wconf 86' lang='lat' dir='ltr'>scribit</span> <span class='ocrx_word' id='word_1_256' title='bbox 1770 3297 2284 3395; x_wconf 69' lang='grc' dir='ltr'>α’μαλάδ’ἄγει</span> <span class='ocrx_word' id='word_1_257' title='bbox 2328 3307 2412 3370; x_wconf 83' lang='lat' dir='ltr'>ad</span> <span class='ocrx_word' id='word_1_258' title='bbox 2454 3330 2669 3370; x_wconf 78' lang='lat' dir='ltr'>navem</span> 
     </span>
     <span class='ocr_line' id='line_1_32' title="bbox 385 3398 2670 3493; baseline 0.001 -25"><span class='ocrx_word' id='word_1_259' title='bbox 385 3405 644 3480; x_wconf 78' lang='lat' dir='ltr'>abducit,</span> <span class='ocrx_word' id='word_1_260' title='bbox 694 3403 868 3468; x_wconf 93' lang='lat' dir='ltr'>Weil</span> <span class='ocrx_word' id='word_1_261' title='bbox 919 3400 1133 3490; x_wconf 79' lang='grc' dir='ltr'><strong><em>μα’λα</em></strong></span> <span class='ocrx_word' id='word_1_262' title='bbox 1185 3401 1232 3472; x_wconf 79' lang='grc' dir='ltr'><em>δ</em></span> <span class='ocrx_word' id='word_1_263' title='bbox 1245 3398 1434 3493; x_wconf 74' lang='grc' dir='ltr'><em>’ἄγει</em></span> <span class='ocrx_word' id='word_1_264' title='bbox 1480 3412 1688 3492; x_wconf 78' lang='lat' dir='ltr'>utique</span> <span class='ocrx_word' id='word_1_265' title='bbox 1730 3430 1825 3470; x_wconf 82' lang='lat' dir='ltr'>me</span> <span class='ocrx_word' id='word_1_266' title='bbox 1867 3406 2113 3493; x_wconf 71' lang='lat' dir='ltr'>abm&#39;pit.</span> <span class='ocrx_word' id='word_1_267' title='bbox 2204 3407 2670 3471; x_wconf 90' lang='lat' dir='ltr'>Similitudinis</span> 
     </span>
     <span class='ocr_line' id='line_1_33' title="bbox 384 3505 2666 3594; baseline 0.002 -27"><span class='ocrx_word' id='word_1_268' title='bbox 384 3505 546 3570; x_wconf 90' lang='lat' dir='ltr'>ratio</span> <span class='ocrx_word' id='word_1_269' title='bbox 615 3529 694 3569; x_wconf 92' lang='lat' dir='ltr'>eo</span> <span class='ocrx_word' id='word_1_270' title='bbox 754 3506 1080 3570; x_wconf 90' lang='lat' dir='ltr'>contineri</span> <span class='ocrx_word' id='word_1_271' title='bbox 1123 3507 1401 3584; x_wconf 85' lang='lat' dir='ltr'>videtur,</span> <span class='ocrx_word' id='word_1_272' title='bbox 1449 3508 1627 3593; x_wconf 93' lang='lat' dir='ltr'>quod</span> <span class='ocrx_word' id='word_1_273' title='bbox 1669 3530 1904 3594; x_wconf 91' lang='lat' dir='ltr'>praeco</span> <span class='ocrx_word' id='word_1_274' title='bbox 1951 3508 2290 3592; x_wconf 88' lang='lat' dir='ltr'>gradatim,</span> <span class='ocrx_word' id='word_1_275' title='bbox 2335 3522 2666 3594; x_wconf 89' lang='lat' dir='ltr'>tamquam</span> 
     </span>
     <span class='ocr_line' id='line_1_34' title="bbox 385 3606 2669 3694; baseline 0.001 -25"><span class='ocrx_word' id='word_1_276' title='bbox 385 3629 619 3669; x_wconf 88' lang='lat' dir='ltr'>aranea</span> <span class='ocrx_word' id='word_1_277' title='bbox 698 3607 1014 3692; x_wconf 89' lang='lat' dir='ltr'>quaedam</span> <span class='ocrx_word' id='word_1_278' title='bbox 1099 3606 1404 3694; x_wconf 90' lang='lat' dir='ltr'>longipes</span> <span class='ocrx_word' id='word_1_279' title='bbox 1492 3631 1783 3673; x_wconf 86' lang='lat' dir='ltr'>muscam</span> <span class='ocrx_word' id='word_1_280' title='bbox 1869 3608 1937 3670; x_wconf 93' lang='lat' dir='ltr'>in</span> <span class='ocrx_word' id='word_1_281' title='bbox 2029 3608 2162 3672; x_wconf 91' lang='lat' dir='ltr'>tela</span> <span class='ocrx_word' id='word_1_282' title='bbox 2245 3630 2362 3671; x_wconf 89' lang='lat' dir='ltr'>sua</span> <span class='ocrx_word' id='word_1_283' title='bbox 2435 3608 2669 3672; x_wconf 88' lang='lat' dir='ltr'>adhae-</span> 
     </span>
     <span class='ocr_line' id='line_1_35' title="bbox 384 3708 2666 3794; baseline 0.002 -26"><span class='ocrx_word' id='word_1_284' title='bbox 384 3720 657 3785; x_wconf 91' lang='lat' dir='ltr'>rentem,</span> <span class='ocrx_word' id='word_1_285' title='bbox 724 3708 1013 3793; x_wconf 87' lang='lat' dir='ltr'>virgines</span> <span class='ocrx_word' id='word_1_286' title='bbox 1082 3708 1413 3772; x_wconf 85' lang='lat' dir='ltr'>abstrahit.</span> <span class='ocrx_word' id='word_1_287' title='bbox 1526 3709 1734 3772; x_wconf 89' lang='lat' dir='ltr'>Simul</span> <span class='ocrx_word' id='word_1_288' title='bbox 1801 3731 2029 3771; x_wconf 87' lang='lat' dir='ltr'>sensus</span> <span class='ocrx_word' id='word_1_289' title='bbox 2095 3708 2403 3785; x_wconf 82' lang='lat' dir='ltr'>horroris,</span> <span class='ocrx_word' id='word_1_290' title='bbox 2471 3732 2666 3794; x_wconf 89' lang='lat' dir='ltr'>quem</span> 
     </span>
     <span class='ocr_line' id='line_1_36' title="bbox 386 3808 2664 3895; baseline 0.001 -26"><span class='ocrx_word' id='word_1_291' title='bbox 386 3820 685 3892; x_wconf 84' lang='lat' dir='ltr'>aspectus</span> <span class='ocrx_word' id='word_1_292' title='bbox 762 3808 1106 3893; x_wconf 88' lang='lat' dir='ltr'>praeconis</span> <span class='ocrx_word' id='word_1_293' title='bbox 1181 3809 1250 3872; x_wconf 93' lang='lat' dir='ltr'>in</span> <span class='ocrx_word' id='word_1_294' title='bbox 1331 3809 1741 3874; x_wconf 85' lang='lat' dir='ltr'>Danaidibus</span> <span class='ocrx_word' id='word_1_295' title='bbox 1822 3808 2086 3886; x_wconf 87' lang='lat' dir='ltr'>excitat,</span> <span class='ocrx_word' id='word_1_296' title='bbox 2173 3809 2368 3895; x_wconf 85' lang='lat' dir='ltr'>hujus</span> <span class='ocrx_word' id='word_1_297' title='bbox 2454 3809 2664 3894; x_wconf 86' lang='lat' dir='ltr'>turpis</span> 
     </span>
     <span class='ocr_line' id='line_1_37' title="bbox 384 3907 2667 3974; baseline 0.002 -4"><span class='ocrx_word' id='word_1_298' title='bbox 384 3907 633 3971; x_wconf 89' lang='lat' dir='ltr'>bestiae</span> <span class='ocrx_word' id='word_1_299' title='bbox 697 3910 1322 3974; x_wconf 86' lang='lat' dir='ltr'>commemoratione</span> <span class='ocrx_word' id='word_1_300' title='bbox 1388 3910 1704 3973; x_wconf 89' lang='lat' dir='ltr'>illustrari</span> <span class='ocrx_word' id='word_1_301' title='bbox 1757 3908 2037 3973; x_wconf 86' lang='lat' dir='ltr'>videtur.</span> <span class='ocrx_word' id='word_1_302' title='bbox 2080 3949 2164 3958; x_wconf 97' lang='lat'>—</span> <span class='ocrx_word' id='word_1_303' title='bbox 2207 3910 2382 3974; x_wconf 78' lang='lat' dir='ltr'>Mori</span> <span class='ocrx_word' id='word_1_304' title='bbox 2422 3921 2490 3973; x_wconf 80' lang='lat' dir='ltr'>ut</span> <span class='ocrx_word' id='word_1_305' title='bbox 2530 3929 2667 3974; x_wconf 82' lang='grc' dir='ltr'>πυ-</span> 
     </span>
     <span class='ocr_line' id='line_1_38' title="bbox 382 4000 2661 4096; baseline 0 -24"><span class='ocrx_word' id='word_1_306' title='bbox 382 4000 732 4094; x_wconf 77' lang='grc' dir='ltr'><strong><em>ραύστην,</em></strong></span> <span class='ocrx_word' id='word_1_307' title='bbox 779 4010 950 4093; x_wconf 90' lang='lat' dir='ltr'>quod</span> <span class='ocrx_word' id='word_1_308' title='bbox 998 4032 1204 4096; x_wconf 89' lang='lat' dir='ltr'>genus</span> <span class='ocrx_word' id='word_1_309' title='bbox 1246 4010 1576 4096; x_wconf 90' lang='lat' dir='ltr'>quoddam</span> <span class='ocrx_word' id='word_1_310' title='bbox 1610 4024 1747 4074; x_wconf 89' lang='lat' dir='ltr'>erat</span> <span class='ocrx_word' id='word_1_311' title='bbox 1775 4011 2118 4088; x_wconf 90' lang='lat' dir='ltr'>tinearum,</span> <span class='ocrx_word' id='word_1_312' title='bbox 2151 4034 2309 4096; x_wconf 87' lang='lat' dir='ltr'>quas</span> <span class='ocrx_word' id='word_1_313' title='bbox 2339 4011 2409 4073; x_wconf 93' lang='lat' dir='ltr'>in</span> <span class='ocrx_word' id='word_1_314' title='bbox 2440 4012 2661 4095; x_wconf 88' lang='lat' dir='ltr'>ignem</span> 
     </span>
     <span class='ocr_line' id='line_1_39' title="bbox 381 4109 2667 4198; baseline 0.002 -28"><span class='ocrx_word' id='word_1_315' title='bbox 381 4109 604 4173; x_wconf 86' lang='lat' dir='ltr'>volare</span> <span class='ocrx_word' id='word_1_316' title='bbox 651 4109 860 4172; x_wconf 87' lang='lat' dir='ltr'>solere</span> <span class='ocrx_word' id='word_1_317' title='bbox 908 4124 1181 4189; x_wconf 88' lang='lat' dir='ltr'>constat,</span> <span class='ocrx_word' id='word_1_318' title='bbox 1227 4111 1726 4198; x_wconf 85' lang='lat' dir='ltr'>proverbialiter</span> <span class='ocrx_word' id='word_1_319' title='bbox 1771 4111 1851 4175; x_wconf 92' lang='lat' dir='ltr'>de</span> <span class='ocrx_word' id='word_1_320' title='bbox 1894 4110 1975 4175; x_wconf 89' lang='lat' dir='ltr'>iis</span> <span class='ocrx_word' id='word_1_321' title='bbox 2018 4112 2374 4187; x_wconf 89' lang='lat' dir='ltr'>dicebatur,</span> <span class='ocrx_word' id='word_1_322' title='bbox 2408 4110 2519 4195; x_wconf 90' lang='lat' dir='ltr'>qui</span> <span class='ocrx_word' id='word_1_323' title='bbox 2550 4133 2667 4174; x_wconf 86' lang='lat' dir='ltr'>sua</span> 
     </span>
     <span class='ocr_line' id='line_1_40' title="bbox 381 4210 2667 4297; baseline 0.001 -25"><span class='ocrx_word' id='word_1_324' title='bbox 381 4211 672 4295; x_wconf 86' lang='lat' dir='ltr'>ipsorum</span> <span class='ocrx_word' id='word_1_325' title='bbox 719 4210 1162 4295; x_wconf 87' lang='lat' dir='ltr'>imprudentia</span> <span class='ocrx_word' id='word_1_326' title='bbox 1205 4213 1486 4277; x_wconf 86' lang='lat' dir='ltr'>subitam</span> <span class='ocrx_word' id='word_1_327' title='bbox 1531 4226 1814 4276; x_wconf 88' lang='lat' dir='ltr'>mortem</span> <span class='ocrx_word' id='word_1_328' title='bbox 1844 4212 2248 4287; x_wconf 86' lang='lat' dir='ltr'>invenirent;</span> <span class='ocrx_word' id='word_1_329' title='bbox 2293 4211 2490 4295; x_wconf 85' lang='lat' dir='ltr'>hujus</span> <span class='ocrx_word' id='word_1_330' title='bbox 2518 4235 2667 4297; x_wconf 87' lang='lat' dir='ltr'>pro-</span> 
     </span>
    </p>
   </div>
  </div>
 </body>
</html>
