3134 4842
509 178 590 241 46

428 344 581 430 quia
651 367 784 407 non
854 345 1167 407 scaturire
1223 343 1374 408 fons
1421 345 1740 408 malorum
1800 344 2117 408 dicendus
2177 342 2396 420 fuerit,
2444 344 2557 406 sed
2604 356 2716 409 aut

431 445 805 508 adolescere
853 458 965 508 aut
1008 446 1309 531 generari
1338 445 1601 531 malum.
1675 444 1750 507 In
1785 443 1912 508 hoc
1944 454 1980 506 a
2007 466 2263 507 summo
2293 444 2436 507 viro
2466 444 2715 507 disson-

429 547 552 609 tire
599 545 839 621 aude03
885 568 1035 608 nam
1084 570 1160 609 ea
1205 546 1549 623 sententia,
1599 568 1763 630 quae
1810 545 1877 608 in
1924 544 2224 630 proxime
2271 545 2715 608 antecedenti-

435 647 551 710 bus
596 646 789 724 inest,
836 646 1067 710 Persas
1114 647 1282 709 mala
1326 648 1455 710 iam
1501 647 1779 732 perpeti,
1828 646 1953 709 alia
1993 645 2161 708 mala
2194 659 2422 730 postea
2451 668 2715 732 perpes-

432 770 616 810 suros
686 770 850 825 esse,
911 771 987 811 ea
1030 748 1314 833 imagine
1361 747 1564 810 fontis
1613 747 1908 810 nondum
1956 745 2279 823 exhausti,
2327 747 2441 809 sed
2490 745 2714 810 etiam-

431 871 609 911 nunc
677 848 998 911 manantis
1065 848 1400 933 aptissime
1466 847 1631 911 mihi
1694 846 1955 910 videtur
1996 847 2329 911 illustrari.
2392 885 2477 894 —
2541 848 2715 932 Aga·-

433 972 698 1011 memno
746 971 830 1011 ex
860 948 1036 1011 bello
1068 948 1325 1011 revenit
1354 949 1548 1011 uxori
1580 971 1734 1011 suae
1766 949 1857 1012 ita
1888 961 2108 1034 gratus
2142 960 2712 1033 exspectatusque,

431 1062 505 1112 ut
548 1049 698 1112 fons
732 1049 982 1112 sitienti
1012 1049 1248 1112 viatori
1278 1051 1406 1135 Ag.
1440 1050 1593 1112 901:
1628 1042 2012 1137 ὁδοιπόρῳ
2043 1042 2363 1136 διψῶντι
2394 1053 2715 1135 πηγαῖον

432 1133 618 1237 ὂέος.
686 1187 771 1197 -
834 1148 1026 1212 Eum.
1095 1150 1246 1212 696:
1315 1141 1571 1214 αὐτων
1631 1148 1967 1221 πολιτῶν
2012 1170 2119 1234 μη
2170 1142 2715 1236 πικραινόντων

430 1243 708 1332 νόμους
764 1254 1018 1325 κακαῖς
1079 1243 1515 1340 ἐπιρροαῖσι·
1577 1243 1944 1342 βορβόρῳ
2001 1242 2099 1315 θ’
2107 1243 2310 1338 υδωρ
2365 1242 2716 1365 λαμπρὸν

423 1351 748 1433 μιαίνων
820 1342 1122 1417 οὔποθ’
1199 1344 1524 1437 εὑρήσεις
1594 1344 1853 1416 ποτόν.
1930 1344 2260 1438 ἐπιρροη,
2326 1351 2588 1437 proprie
2647 1353 2714 1414 id

429 1453 592 1536 quod
663 1452 892 1539 affluit,
959 1450 1068 1515 hic
1136 1475 1335 1515 novas
1403 1452 1587 1537 leges
1653 1453 1988 1516 veteribus
2056 1452 2379 1516 admixtas
2444 1451 2710 1515 indicat.

429 1553 612 1616 Haec
658 1554 736 1616 ab
783 1576 950 1637 aqua
994 1566 1253 1638 sumpta
1295 1553 1535 1639 imago,
1584 1576 1749 1637 quae
1795 1576 1914 1639 per
1957 1547 2367 1641 επιρροαῖσι
2412 1553 2711 1628 infertur,

429 1654 670 1717 deinde
737 1653 1178 1741 pulcherrima
1243 1653 1559 1739 allegoria
1625 1654 2064 1731 continuatur,
2132 1655 2317 1735 cujus
2386 1653 2713 1717 sententia

428 1753 590 1817 haec
637 1767 765 1818 est:
812 1769 903 1831 ut,
950 1754 1005 1817 si
1040 1754 1194 1839 quis
1242 1756 1755 1840 a‘quampuram
1781 1755 1921 1817 luto
1954 1755 2285 1839 polluerit,
2317 1767 2547 1840 potum
2579 1777 2711 1817 non

425 1855 742 1932 inveniet,
786 1856 878 1918 ita
924 1853 1388 1929 AthenienseS,
1422 1854 1477 1917 si
1502 1855 1687 1941 leges
1719 1856 2073 1942 Areopago
2108 1855 2492 1919 constitutas
2523 1854 2711 1918 novis

428 1957 736 2019 admixtis
804 1955 1162 2018 deteriores
1229 1955 1660 2032 reddiderint,
1729 1978 1861 2018 non
1928 1956 2057 2018 iam
2122 1955 2481 2032 habebunt,
2537 1954 2712 2040 quod

426 2056 817 2140 injustitiam
864 2056 1201 2120 contineat
1245 2049 1522 2141 (σχήσει
1572 2049 1658 2120 τὸ
1684 2048 2019 2139 μᾶδικεῖν
2048 2079 2112 2119 v.
2143 2057 2313 2140 694).
2390 2055 2537 2119 Hoc
2568 2077 2713 2141 pro-

425 2157 727 2220 verbium
794 2155 998 2219 fuisse
1069 2156 1149 2219 de
1204 2157 1283 2220 iis
1331 2156 1600 2234 dictum,
1648 2157 1761 2240 qui
1802 2158 1993 2230 bonis
2041 2157 2211 2219 mala
2254 2156 2712 2229 admiscerent,

425 2257 880 2343 Diogenianus
926 2246 984 2332 3,
1033 2257 1112 2320 55
1158 2258 1398 2341 aliique
1445 2271 1744 2321 auctores
1791 2272 1962 2321 sunt.

596 2357 771 2435 Quot
815 2380 1141 2442 quamque
1186 2359 1395 2421 varias
1439 2358 1762 2444 imagines
1823 2357 2195 2442 Aeschylus
2228 2359 2392 2421 mari
2420 2357 2709 2433 deberet,

425 2459 553 2521 iam
601 2481 795 2543 supra
839 2459 930 2544 (p.
979 2459 1087 2543 23)
1130 2459 1423 2522 breviter
1462 2458 1783 2535 indicavi;
1828 2482 2046 2545 neque
2101 2459 2309 2522 multo
2355 2458 2570 2520 minor
2615 2469 2714 2521 est

428 2582 649 2622 earum
714 2582 1046 2635 numerus,
1116 2572 1280 2644 quae
1349 2582 1385 2622 a
1444 2563 1634 2623 ventis
1690 2573 1755 2623 et
1798 2560 2239 2645 tempestatibus
2285 2559 2712 2645 depromptae

397 2675 609 2736 -sunt3
678 2683 842 2745 quae
898 2660 1208 2745 quoniam
1255 2683 1404 2723 cum
1458 2663 1864 2744 naviyationz's
1907 2660 2304 2746 imaginibus
2351 2659 2710 2723 arctissime

427 2760 783 2824 cohaerent
846 2774 1063 2846 'neque
1132 2774 1280 2847 apte
1350 2761 1428 2824 ab
1483 2761 1564 2824 iis
1623 2761 1852 2824 divelli
1895 2774 2190 2847 possunt,
2245 2782 2495 2837 omneS,
2545 2781 2710 2844 quae

426 2885 614 2932 mare,
681 2873 901 2936 ventos,
956 2864 1402 2946 naviqationem
1448 2875 1765 2947 spectant,
1813 2861 1986 2925 infra
2027 2885 2158 2924 uno
2203 2861 2352 2924 loco
2397 2860 2711 2924 tractabo·

539 2938 824 3050 Q
860 2960 1105 3025 Metalla
1173 2977 1239 3024 et
1290 2962 1523 3046 lapides
1555 2960 1904 3077 Aeschylo
1950 2984 2304 3048 paucarum
2348 2961 2709 3047 imaginum

425 3063 763 3126 materiam
810 3062 1157 3125 deder.unt
1243 3062 1410 3125 Duri
1441 3064 1751 3147 saevique
1784 3062 2086 3126 homines
2116 3075 2407 3126 mentem
2430 3063 2711 3148 ferream

423 3163 532 3226 vel
577 3164 883 3249 lapideam
925 3162 1168 3226 habere
1217 3163 1541 3226 dicuntur.
1632 3163 1847 3226 Prom.
1896 3165 2047 3227 242:
2105 3154 2594 3256 σιδηρόφρων
2637 3181 2714 3226 τε

422 3285 562 3328 >com
632 3263 904 3355 πέτρας
975 3262 1453 3354 εἰργασμένος
1523 3256 1748 3347 ὅστις,
1813 3260 2265 3352 Προμηθεῦ,
2333 3269 2570 3329 σοῖσιν
2619 3252 2711 3328 οὗ

426 3363 847 3451 ξυνασχαλᾷ
891 3357 1249 3451 μόχθοις.
1341 3365 1518 3450 Sept
1567 3365 1677 3428 52:
1736 3359 2226 3460 σιδηρόφρων
2270 3385 2415 3455 γαρ
2466 3356 2715 3443 θυαὸς

423 3458 725 3553 ανδρειᾳ
778 3463 1107 3560 φλέγων.
1196 3465 1380 3529 Haec
1439 3488 1709 3551 quoque
1776 3467 1994 3553 imago
2051 3467 2128 3530 ab
2188 3466 2481 3529 Homero
2527 3485 2713 3550 repe-

424 3522 625 3630 tenda
672 3581 790 3644 est,
837 3567 949 3652 qui
995 3590 1139 3630 eam
1186 3565 1569 3652 saepissime
1615 3567 1698 3630 ad
1729 3566 1971 3631 fortem
2003 3580 2546 3651 constantemque
2579 3564 2713 3629 ani·

425 3691 599 3731 mum
668 3668 1094 3731 indicandum
1161 3679 1450 3752 usurpat,
1518 3666 1633 3730 sed
1691 3667 1888 3730 etiam
1931 3669 2000 3731 in
2048 3668 2283 3730 malam
2328 3680 2578 3753 partem
2627 3665 2710 3728 de

426 3768 811 3831 crudelitate
869 3781 935 3831 et
988 3768 1228 3830 duritia
1273 3767 1502 3842 animi;
1550 3767 1644 3831 sic
1688 3767 1765 3831 Il.
1814 3771 1912 3846 22,
1957 3770 2079 3833 357
2126 3768 2380 3832 Hector
2423 3766 2710 3830 moriens

426 3867 756 3932 Achillem
823 3867 1274 3953 reprehendit:
1342 3851 1388 3953 ἧ
1454 3862 1601 3953 γὰρ
1671 3865 1794 3934 σοί
1843 3890 1927 3955 γε
1980 3862 2315 3955 σιδήρεος
2366 3862 2443 3934 ἐν
2494 3861 2714 3959 φρεσὶ

430 3962 700 4055 θυμός.
791 3967 907 4032 Cfr
963 3968 1039 4032 Il.
1103 3969 1199 4046 16,
1255 3970 1357 4045 33,
1403 3967 1519 4032 ubi
1563 3969 1900 4034 Patroclus
1946 3967 2279 4053 Achillem
2326 3968 2709 4053 alloquitur:

525 4115 789 4205 νηλεὲς,
845 4111 982 4184 οὐκ
1033 4115 1183 4206 ἄρα
1238 4121 1369 4184 σοί
1408 4141 1494 4207 γε
1548 4113 1790 4207 πατὴρ
1843 4103 1933 4206 ἧν
1983 4112 2264 4187 ἱππότα
2309 4112 2623 4207 Πηλεύς.
