3134 4842
509 240 591 303 38

423 407 641 493 imago
686 407 1051 493 splendendi
1102 405 1269 470 nihil
1316 406 1493 469 aliud
1539 420 1811 493 spectat,
1860 429 2052 491 quam
2098 421 2173 471 ut
2218 430 2341 483 res„
2390 408 2471 469 ad
2518 431 2709 492 quam

425 507 788 585 adhibetur,
832 519 1166 593 tamquam
1209 507 1487 592 insignis
1537 524 1604 571 et
1649 507 2079 571 admiratione
2137 508 2334 593 digna
2381 508 2712 595 praedice-

421 620 546 672 tur.
612 608 713 671 Ita
742 610 871 693 Ag.
919 612 953 671 7
963 610 1071 671 74:
1118 604 1309 674 Δίκα
1353 602 1432 674 δὲ
1473 602 1746 692 λάμπει
1785 602 1924 692 μὲν
1971 605 2046 674 ἐν
2087 603 2535 684 δυσκάπνοις
2565 603 2711 674 δὀἱ-

417 728 669 791 μασιν,
721 709 838 773 ubi
894 722 1171 773 venuste
1231 722 1659 795 opponuntur
1715 709 2068 795 splendens
2108 709 2369 794 justitia
2414 723 2480 773 et
2525 732 2708 773 casae

422 808 608 873 fumo
676 809 1070 894 squalentes,
1176 809 1351 873 Pers,
1424 810 1542 873 150
1606 832 1794 873 senes
1849 809 2104 887 Persae,
2152 833 2352 895 quum
2399 806 2708 874 Atossam

423 910 772 997 splendido
854 925 1088 974 ornatu
1153 911 1593 996 prodeuntem
1662 910 2100 997 conspiciunt,
2168 911 2394 974 lumen
2463 911 2709 974 exoriri

423 1011 652 1075 dicunt
718 1011 781 1074 ei
846 1010 1081 1087 simile,
1150 1011 1330 1095 quod
1385 1012 1454 1074 in
1514 1012 1787 1074 deorum
1834 1012 2041 1075 oculis
2088 1010 2328 1099 fulget:
2397 1004 2538 1078 ἄλλ
2559 1004 2711 1099 ’ἥδε

424 1107 637 1177 θεῶν
695 1111 857 1177 ἴσον
909 1103 1359 1204 ὀφθαλμοῖς
1414 1106 1618 1205 φάος
1662 1110 1986 1203 ὁρμᾶται
2026 1106 2272 1204 μήτηρ
2317 1111 2707 1197 βασιλέως,

424 1234 550 1296 qua
591 1211 1005 1275 nobilissima
1046 1212 1335 1298 imagine
1381 1214 1687 1298 majestas
1725 1213 1988 1298 reginae
2023 1226 2089 1278 et
2118 1213 2482 1291 admiratio,
2515 1237 2707 1299 quam

419 1312 567 1398 ipso
614 1325 882 1399 aspectu
928 1336 1045 1376 suo
1090 1314 1323 1397 injicit,
1370 1315 1538 1377 bene
1589 1313 1986 1399 depingitur.

472 1405 481 1424 ¹
590 1416 618 1496 §
666 1417 721 1477 7.
809 1413 1214 1499 Imaginibus
1286 1438 1322 1477 a
1378 1414 1668 1477 tenebris
1730 1414 1941 1478 ductis
1989 1428 2135 1500 apte
2184 1428 2616 1478 annectantur
2658 1416 2707 1477 ii

419 1512 572 1592 loci,
617 1515 733 1577 ubi
780 1509 947 1579 σκιά
987 1517 1207 1577 umbra
1251 1514 1561 1578 translate
1612 1530 1977 1600 usurpatur.
2069 1515 2283 1593 Quum
2320 1515 2390 1577 id
2419 1516 2702 1601 primum

419 1615 686 1678 umbrae
754 1615 1091 1702 proprium
1151 1630 1522 1679 occurreret
1580 1616 1819 1693 anim0‚
1880 1616 2058 1701 quod
2102 1615 2272 1678 nihil
2314 1616 2443 1679 nisi
2485 1616 2704 1701 imago

420 1714 584 1779 alius
657 1716 754 1779 rei
820 1730 1013 1793 esset,
1079 1715 1402 1801 imprimis
1458 1716 1552 1779 ita
1604 1717 1916 1780 translata
1967 1730 2068 1780 est
2113 1710 2302 1798 σκιά,
2346 1730 2421 1781 ut
2464 1740 2704 1780 vanum

419 1815 668 1901 aliquid
716 1829 932 1902 'atque
997 1817 1254 1880 irritum
1322 1817 1744 1903 exprimeret.
1846 1817 2123 1881 Constat
2167 1817 2414 1881 animas
2463 1833 2707 1881 mortu-

420 1939 628 1994 orum,
695 1931 770 1981 ut
833 1941 1019 2001 quae,
1075 1917 1555 2002 antiquioribus
1617 1918 1845 1980 saltem
1901 1918 2330 2003 temporibuS‚
2377 1930 2444 1981 et
2489 1918 2704 1981 solido

419 2040 691 2104 corpore
767 2031 835 2081 et
900 2041 1098 2081 sensu
1157 2041 1374 2081 carere
1423 2019 1889 2103 cogit-arentur,
1936 2022 2207 2096 umbra-3,
2252 2042 2450 2082 vanas
2496 2018 2706 2083 homi-

417 2140 577 2186 num
620 2118 961 2203 imagineS‚
993 2132 1257 2182 vocatas
1291 2142 1465 2193 esse;
1504 2120 1632 2182 iam
1665 2119 1996 2182 Homerus
2031 2142 2138 2183 eas
2173 2113 2399 2202 σκιάς,
2434 2115 2707 2185 εἴδωλα

415 2212 836 2303 καμόντων,
912 2211 1242 2305 ἀμενηνὰ
1306 2214 1595 2306 κάρηνα
1660 2219 1946 2305 appellat
1977 2215 2047 2304 ¹).
2160 2220 2266 2284 Sic
2335 2221 2513 2307 Sept.
2582 2222 2703 2285 976

419 2313 587 2384 σκιά
650 2333 751 2384 est
815 2319 1233 2384 simulacrum
1299 2319 1557 2405 Oedipi,
1627 2319 1805 2405 quod
1858 2319 2121 2384 Eteocli
2163 2321 2233 2384 in
2279 2322 2550 2384 somniis
2598 2345 2704 2407 ap-

416 2419 662 2506 paruit:
708 2414 979 2486 πότνιιὶ
1022 2413 1413 2487 τὊίδίπου
1453 2415 1642 2503 σκιὰ,
1668 2413 1972 2503 μέλαιν’
1999 2414 2310 2510 Ἐρινύς,
2388 2422 2495 2485 Sic
2526 2436 2700 2485 recte

414 2520 884 2607 interpretatur
926 2523 1152 2585 Herm.
1207 2522 1489 2586 refutata
1533 2521 1976 2608 explicatione
2024 2523 2446 2587 scholiastae:
2498 2518 2704 2588 σκιὰν

417 2614 650 2687 αὐτὸν
710 2621 927 2688 καλεῖ
979 2617 1101 2690 διὰ
1171 2616 1301 2709 τὴν
1367 2617 1779 2716 τύφλωσιν,
1837 2617 2087 2715 ὥσπερ
2144 2618 2266 2689 καὶ
2312 2615 2721 2714 Εὐριπίδης·

416 2719 728 2813 αἰθέρος
790 2719 1124 2789 εἴδωλον.
1227 2723 1342 2787 Cfr
1409 2722 1608 2809 Soph.
1678 2723 1786 2786 Ai.
1856 2725 2051 2788 1257:
2118 2717 2392 2812 ἀνδρὸς
2445 2716 2702 2790 οὐκέτ’

418 2819 657 2908 ὄντος,
704 2816 1018 2913 ἄλλ’ἤὸη
1065 2826 1288 2900 σκιᾶς.
1377 2825 1533 2887 Eur.
1579 2825 1774 2887 Herc.
1819 2824 1972 2888 Fur.
2006 2826 2158 2888 494:
2208 2819 2373 2891 σκιὰ
2406 2819 2714 2919 φάνηθί

409 2945 569 3010 μοι.
634 2964 718 2973 —-
785 2924 977 3003 Quod
1039 2926 1227 2988 valde
1296 2924 1576 2988 infidum
1643 2937 1710 2988 et
1773 2948 2014 2988 vanum
2082 2942 2200 3002 est,
2270 2949 2419 2989 cum
2474 2928 2703 2991 umbra

417 3039 830 3112 comparatur
886 3028 1014 3111 Ag.
1075 3027 1226 3089 839:
1295 3020 1508 3101 εἰδως
1547 3018 1852 3113 λέγοιιι’
1879 3021 1972 3090 αν
2013 3065 2097 3074 —-
2143 3022 2455 3092 εἴδωλον
2500 3046 2704 3103 σκιας

416 3123 824 3202 δοκοῦντας
867 3114 1048 3192 εἶναι
1099 3145 1337 3214 καρτα
1379 3132 1801 3241 npsvasvstg
1830 3120 2015 3241 ἐμοι.
2091 3130 2506 3213 Agamemno
2541 3128 2700 3192 dicit

416 3250 551 3304 608,
598 3228 710 3313 qui
755 3227 882 3291 sibi
925 3228 1238 3292 benevoli
1275 3228 1401 3291 visi
1441 3228 1591 3305 sint,
1625 3228 1791 3291 nihil
1822 3227 1950 3291 nisi
1981 3228 2400 3292 simulacrum
2432 3230 2697 3292 umbrae

414 3350 578 3404 esse,
627 3352 713 3391 sc.
762 3330 923 3412 ejus,
972 3329 1149 3414 quod
1191 3352 1332 3392 esse
1365 3328 1731 3392 videantur.
1810 3327 1918 3391 Ad
1951 3328 2086 3392 vim
2118 3329 2425 3394 vanitatis
2462 3353 2700 3416 augen-

415 3429 561 3492 dam
629 3444 696 3493 et
761 3421 943 3514 quasi
1001 3430 1458 3493 cumulandam
1516 3430 1680 3492 duae
1727 3428 1904 3493 idem
1949 3428 2086 3493 fere
2142 3431 2435 3494 valentes
2480 3452 2698 3508 voces,

414 3523 726 3595 εἴδωλον
769 3543 837 3594 et
881 3524 1070 3614 σκιά,
1117 3553 1386 3616 quarum
1431 3554 1564 3593 una
1607 3530 1760 3594 satis
1807 3553 1949 3594 esse
1988 3531 2268 3608 videtur,
2306 3532 2696 3615 conjunctae

414 3644 584 3694 sunt.
673 3630 789 3695 Cfr
835 3631 1033 3717 Soph.
1081 3631 1188 3694 Ai.
1225 3632 1375 3695 125:
1425 3626 1593 3720 ὁρῶ
1625 3625 1772 3719 γὰρ
1803 3626 1994 3719 ἡμᾶς
2022 3624 2239 3698 οὐδὲν
2262 3628 2482 3707 ὄντας
2507 3628 2697 3697 ἄλλο

412 3725 604 3818 πλὴν
667 3725 955 3816 εἴδωλ’,
1021 3726 1327 3822 ὅσοιπερ
1394 3732 1659 3817 ζῶμεν,
1727 3726 1771 3819 ἢ
1832 3725 2132 3825 κούφην
2189 3725 2418 3797 σκιάν.
2508 3732 2696 3795 Pind.

413 3831 603 3917 Pyth.
650 3834 707 3911 8,
756 3833 865 3897 95:
923 3833 1126 3909 σκιᾶς
1169 3829 1354 3922 ὄναρ
1400 3829 1837 3920 ἄνθρωπος.
1881 3872 1967 3880 —-
2007 3832 2256 3895 Eadem
2304 3832 2370 3894 vi
2413 3835 2702 3900 καπνοῦ

415 3928 603 4017 σκιά,
678 3935 898 3997 umbra
960 3937 1157 4022 fumi,
1239 3935 1478 3998 dicitur
1556 3934 1664 3997 Fr.
1746 3934 1896 3998 295:
1974 3927 2060 3998 τὸ
2137 3929 2282 4022 γὰρ
2348 3928 2700 4021 βρότειον

1677 4029 1690 4054 ,
1944 4026 1958 4047 =
2130 4026 2150 4051 ³
2219 4029 2231 4051 2
2399 4036 2429 4052 -
2491 4034 2510 4050 .
2666 4030 2696 4053 ‚.

535 4033 554 4051 t
649 4027 669 4051 ³
753 4030 774 4054 ..ἱ
836 4027 855 4053 )
943 4031 961 4056 C
1049 4035 1067 4069 f

551 4213 591 4275 ¹)
628 4214 824 4264 Tenues
858 4215 972 4280 sine
1007 4229 1218 4278 corpore
1253 4216 1410 4264 vitae.
1481 4215 1624 4276 Virg.
1661 4215 1790 4262 Aen.
1827 4216 1872 4274 6,
1911 4217 2026 4264 292.
