3134 4842
2506 197 2584 260 95

384 390 533 430 nem
583 366 872 451 disputat
916 363 1113 441 Weil,
1161 366 1272 449 qui
1318 363 2252 449 duplicemlamentationem,
2297 363 2339 425 i.
2387 386 2442 426 e.
2492 377 2558 427 et
2587 363 2674 427 ab

386 466 615 530 Oreste
685 479 751 529 et
814 464 1079 528 Electra
1145 465 1388 528 editam
1447 463 1779 549 intelligit,
1827 487 1953 548 qua
1996 478 2181 550 pater
2227 487 2452 526 eorum
2497 487 2674 527 mor—

384 581 533 631 tuus
581 567 660 630 ad
709 589 902 651 opem
948 565 1288 629 ferendam
1336 566 1520 650 quasi
1564 565 1836 627 verbere
1886 564 2160 628 excitari
2206 564 2486 641 dicatum
2536 588 2673 649 quo

386 668 656 732 chorum
725 668 957 730 fratres
1021 666 1101 728 ad
1157 665 1485 729 vindictae
1542 652 1819 729 consilia
1864 679 1930 729 et
1971 665 2284 729 victoriae
2332 687 2515 751 spem
2548 666 2670 728 eri-

383 792 558 855 gere.
671 768 798 831 Sed
868 790 1068 853 quum
1135 766 1515 850 conjunctio
1580 758 1798 847 εὲλλά,
1847 789 2011 850 quae
2051 764 2190 850 μέν
2231 780 2385 851 post
2429 766 2667 831 ταῦτα

384 869 761 955 respondet,
827 866 989 931 haec
1056 868 1134 931 ad
1207 867 1666 930 antecedentia
1732 867 2052 930 contrarie
2109 866 2340 930 referri
2398 867 2672 930 demon—

385 983 563 1047 stret,
632 968 794 1031 mihi
859 968 1122 1054 quidem
1191 967 1460 1030 minime
1531 967 1802 1030 dubium
1865 968 2145 1044 videtur,
2205 968 2362 1051 quin
2429 967 2671 1031 chorus

384 1069 485 1133 his
540 1069 757 1133 verbis
817 1093 949 1132 non
997 1069 1249 1132 animos
1297 1068 1545 1132 Orestis
1593 1082 1661 1131 et
1701 1067 2003 1132 Electrae
2050 1067 2437 1131 confirmare
2482 1068 2672 1144 velit,

386 1170 500 1233 sed
568 1183 792 1233 contra
847 1193 1014 1232 vana
1054 1170 1165 1232 illa
1215 1183 1455 1256 optata,
1503 1191 1666 1253 quae
1712 1167 1975 1231 Electra
2020 1169 2352 1254 superiore
2401 1169 2666 1255 stropha
2765 1207 2771 1213 ·

386 1269 763 1355 protulerat,
829 1270 958 1333 iam
1023 1293 1251 1333 verum
1306 1293 1522 1333 rerum
1581 1282 1819 1333 statum
1866 1284 2174 1355 exponat,
2221 1291 2350 1353 quo
2399 1293 2467 1332 se
2514 1271 2672 1357 angi

386 1371 563 1434 dicit.
653 1370 864 1448 Quare
910 1371 1247 1457 vulgarem
1278 1370 1889 1455 interpretationem
1918 1383 2162 1433 rectam
2194 1392 2335 1433 esse
2369 1370 2671 1447 arbitror,

383 1472 510 1535 nisi
557 1471 731 1556 quod
779 1471 1053 1535 fortasse
1102 1466 1357 1556 διπλῆς
1401 1464 1792 1557 μαράγνης
1837 1471 2031 1533 etiam
2064 1470 2171 1534 hic
2201 1469 2666 1534 vehementem

384 1573 603 1658 potius
673 1595 866 1657 quam
933 1572 1266 1659 duplicem
1332 1571 1629 1635 dolorem
1689 1571 1990 1635 illustrat.
2067 1609 2151 1618 —
2219 1570 2443 1657 Suppl.
2511 1573 2670 1636 466:

382 1669 662 1760 ἤκουσα
729 1674 1193 1760 μαστικτῆρα
1268 1667 1572 1755 καρδίας
1638 1665 1896 1758 λόγον,
1949 1671 2064 1734 ubi
2118 1666 2355 1756 λόγον
2399 1692 2666 1755 μαστι-

380 1774 636 1859 κτῆρα,
700 1774 897 1837 modo
968 1774 1060 1837 sic
1117 1787 1293 1837 recte
1342 1774 1420 1837 ab
1468 1776 1721 1836 Aurato
1770 1773 2186 1836 emendatum
2233 1772 2335 1849 sit,
2382 1787 2482 1836 est
2524 1796 2673 1836 ver-

382 1875 559 1952 bum,
628 1875 805 1958 quod
873 1897 985 1937 cor
1048 1888 1378 1958 tamquam
1435 1874 1707 1937 verbere
1766 1871 1998 1951 caedit,
2044 1872 2085 1936 i.
2133 1896 2188 1935 e.
2234 1872 2674 1936 vehementer

383 1975 580 2060 angit.
669 1974 828 2037 Cod.
875 1974 964 2037 M.
1010 1974 1210 2039 habet
1246 1974 1690 2060 μακιστῆρα,
1738 1974 1913 2058 quod
1957 1972 2326 2059 Stephanus
2354 1973 2423 2036 id
2455 1998 2668 2060 genus

379 2075 515 2150 teli,
584 2075 759 2160 quod
824 2075 1207 2162 longissime
1268 2075 1401 2160 jaci
1467 2075 1696 2161 possit,
1754 2074 2121 2162 significare
2170 2074 2347 2137 dicit.
2436 2075 2668 2138 Herm.

382 2174 636 2239 scholio
705 2170 987 2262 ἤκουσα
1061 2170 1297 2262 λόγον
1365 2171 1671 2262 καρδίας
1747 2168 2091 2259 δηκτικόν
2173 2176 2354 2238 nisus
2440 2176 2674 2239 scribit

379 2269 850 2366 δακνιστῆρας
892 2277 961 2340 id
1008 2277 1182 2361 quod
1227 2277 1517 2341 animum
1559 2278 1760 2363 angit,
1793 2299 1941 2340 eum
1976 2276 2277 2339 mordere
2311 2276 2441 2339 dici
2470 2299 2672 2363 supra

379 2379 467 2461 (p.
514 2378 623 2461 61)
668 2376 971 2440 vidimuS.

546 2479 611 2540 A
678 2500 869 2540 curru
936 2477 1142 2563 petita
1208 2490 1307 2541 est
1364 2476 1746 2562 metaphora
1794 2475 1971 2563 Sept.
2017 2478 2169 2540 371:
2219 2472 2506 2567 σπουδῇ
2557 2472 2671 2543 δι-

383 2569 603 2642 ώκων
666 2578 1096 2662 πομπιζιιους
1146 2571 1381 2662 χνόας
1447 2571 1736 2643 ποδοῖν.
1815 2571 2006 2662 χνόη
2076 2577 2341 2662 proprie
2390 2591 2489 2641 est
2532 2602 2666 2642 mo-

378 2678 598 2753 diola&
641 2679 709 2741 in
759 2702 953 2764 quem
1000 2679 1139 2741 axis
1184 2692 1366 2743 rotae
1410 2678 1693 2741 insertus
1743 2691 1859 2742 est.
1936 2678 2173 2742 Schiitz
2213 2677 2664 2763 metaphoram

381 2780 473 2841 sic
540 2780 848 2864 exponit:
917 2793 1027 2843 »ut
1084 2780 1194 2863 qui
1254 2779 1531 2843 celerius
1581 2802 1768 2841 curru
1815 2778 2095 2853 vehitur,
2140 2778 2318 2855 facit,
2365 2792 2439 2842 ut
2482 2794 2664 2843 rotae

381 2879 655 2942 celerius
702 2881 945 2943 circum
992 2902 1147 2942 axes
1194 2883 1681 2956 convertantur,
1727 2879 1817 2942 ita
1863 2881 1975 2964 qui
2020 2879 2099 2942 ad
2132 2900 2392 2942 cursum
2425 2902 2493 2942 se
2533 2880 2670 2958 dat,

378 2979 655 3064 pedibus
703 2979 1070 3044 citatiorem
1115 2993 1364 3044 motum
1409 2981 1744 3066 imperat».
1830 2980 1945 3043 Cfr
1976 2979 2272 3066 Choeph.
2306 2981 2458 3044 676:
2488 2972 2670 3047 ἄπε-

336 3072 607 3167 ,ζῠγην
657 3073 915 3156 πόδας.
1015 3080 1544 3167 Comparandum
1604 3094 1704 3144 est
1748 3081 1964 3157 etiam,
2012 3082 2188 3166 quod
2231 3081 2470 3162 κνοῦς,
2516 3104 2670 3167 pro·

378 3181 519 3264 prie
565 3185 818 3257 sortitae,
864 3204 1043 3266 quem
1085 3185 1225 3245 axis
1265 3192 1433 3245 rotae
1475 3183 1680 3269 efficit,
1727 3182 1806 3245 ab
1840 3181 2174 3266 Aeschylo
2205 3181 2284 3244 ad
2316 3182 2668 3267 strepit-um

380 3280 626 3363 pedum
666 3282 1074 3361 transfertur,
1119 3296 1194 3348 ut
1237 3296 1461 3347 auctor
1491 3295 1593 3346 est
1620 3281 1995 3367 Hesychius
2028 3282 2162 3367 (Er.
2195 3284 2380 3368 235).
2419 3283 2665 3403 κνοῦςζ

378 3373 421 3444 ὁ
498 3372 577 3445 ἐκ
649 3383 789 3445 τοῦ
859 3379 1128 3460 ἄξονος
1200 3367 1396 3470 ἦχος.
1484 3381 1774 3470 λέγεται
1843 3377 1920 3447 δε
1980 3378 2100 3448 καὶ
2149 3375 2355 3470 κνόη.
2440 3378 2564 3449 καὶ
2616 3379 2659 3449 ὁ

379 3501 531 3545 των
580 3476 842 3548 ποδῶν
892 3476 1178 3573 ψόφος,
1234 3479 1335 3559 059
1387 3477 1766 3570 Αἰσχύλος
1814 3478 2133 3576 Σφιγγι.

543 3584 571 3664 §
618 3584 716 3648 19.
805 3575 968 3646 Inde
1015 3583 1092 3646 ab
1136 3583 1433 3648 Homero
1477 3585 1663 3669 lupus
1706 3584 1923 3671 imago
1957 3583 2357 3648 crudelitalis
2392 3598 2459 3649 et
2487 3585 2667 3649 fero-

378 3681 516 3742 ciae
585 3698 712 3760 est3
774 3683 924 3746 vide
992 3682 1067 3746 Il.
1138 3685 1235 3761 16,
1308 3687 1426 3749 156
1498 3699 1565 3749 et
1631 3685 1807 3751 alibi.
1914 3683 2426 3772 Implacabilitas
2493 3686 2662 3749 desi-

375 3794 613 3867 gnatur
678 3783 975 3871 Choeph.
1039 3785 1196 3848 421:
1263 3779 1485 3859 λύκος
1538 3778 1733 3851 &5³02
1764 3779 2161 3877 ω’μόφρων
2214 3780 2534 3861 ἄσαντος
2585 3780 2662 3852 ἐκ

369 3875 661 3970 ματρός
710 3877 856 3950 ἐστι
905 3877 1176 3968 θυμός,
1233 3885 1437 3952 animi
1476 3888 1997 3972 Agamemnonis
2032 3900 2099 3977 et
2125 3886 2481 3951 liberorum
2516 3886 2663 3970 ejus

376 4006 508 4045 non
576 3985 782 4069 magis
851 4008 1041 4071 quam
1107 3987 1301 4073 lupus
1370 4011 1405 4049 a
1474 3985 1996 4071 Clytaemnestra
2059 3968 2305 4074 placari
2362 4000 2662 4071 possunt.

374 4083 737 4168 Aegisthus
782 4086 976 4170 lupus
1024 4087 1390 4173 appellatur
1433 4088 1561 4173 Ag.
1610 4088 1802 4151 1259:
