3134 4842
2530 192 2608 256 79

395 359 582 446 regia
644 358 807 423 haec
873 358 1092 444 stirps,
1158 358 1214 422 si
1280 357 1610 421 exstincta
1661 357 1806 434 erit,
1860 380 1996 420 non
2050 356 2180 420 iam
2226 356 2414 422 festis
2462 358 2692 423 diebus

396 460 527 524 aris
601 459 730 522 tuis
807 459 1109 545 imponet
1176 457 1518 522 honorem.
1584 496 1669 505 --
1732 458 2045 542 Aquilam
2113 471 2692 523 commemoratam

400 560 766 646 reperimus
832 560 901 623 in
969 560 1321 646 proverbio
1388 559 1665 643 Libyco,
1713 558 1891 643 quod
1936 557 2140 623 schol.
2189 560 2269 623 ad
2313 560 2518 624 Arist.
2563 562 2691 623 Av.

397 664 524 726 808
571 684 657 724 ex
699 660 1022 746 Aeschyli
1065 658 1598 745 Myrmidonibus
1645 658 1851 737 affert,
1907 659 2016 724 Fr.
2065 661 2216 723 129:

608 796 758 877 οἷδ’
788 806 937 878 ἐστὶ
982 804 1270 896 μύθων
1323 811 1477 876 τῶν
1508 806 2011 890 1Λιβυστικιῦν
2060 808 2293 894 κλέος,

569 905 1336 1003 ,πληγέντΆίτράκτῳ
1393 911 1662 998 τοξικοῦ
1715 905 1849 977 τὸν
1892 903 2115 979 ἀετὸν

607 1012 829 1080 εἰπεῖν
883 1006 1143 1079 ἰδόντα
1188 1006 1530 1100 μηχανὴν
1573 1006 2087 1104 πτερώματος,

608 1107 783 1180 τάδ’
811 1107 952 1202 οὐχ
1005 1106 1143 1180 ὑπ’
1170 1111 1450 1197 ἄλλων,
1505 1105 1703 1180 ἀλλὰ
1757 1120 1910 1190 τοῖς
1961 1108 2216 1180 αὐτῶν
2265 1119 2563 1203 πτεροῖς

604 1208 1147 1301 ἁλισκόμεσθα.

404 1367 650 1452 Aquila
716 1367 953 1454 sagitta
1017 1379 1304 1452 pennata
1367 1388 1681 1451 percussa
1734 1366 1894 1429 dicit
1949 1390 2018 1430 se
2063 1390 2198 1430 non
2244 1367 2323 1432 ab
2371 1367 2535 1445 aliie,
2581 1368 2699 1431 sed

401 1468 539 1531 suis
604 1468 810 1554 ipsius
878 1468 1114 1554 pennis
1175 1479 1431 1553 captam
1477 1490 1642 1529 esse.
1731 1468 1921 1531 Patet
1963 1466 2090 1532 hoc
2135 1467 2487 1553 allegorice
2535 1468 2699 1531 acci·

406 1563 723 1655 piendum
792 1591 956 1645 esse,
1024 1581 1097 1630 ut
1150 1567 1198 1630 ii
1246 1567 1695 1652 designentur,
1744 1568 1857 1652 qui
1899 1591 2035 1631 non
2082 1569 2159 1634 ab
2207 1567 2373 1646 aliis,
2420 1569 2535 1632 sed
2581 1592 2697 1632 sua

402 1670 703 1754 ipsorum
772 1668 965 1753 culpa
1030 1667 1278 1765 aliquid
1334 1667 1511 1754 passi
1570 1668 1717 1731 sint.
1808 1669 2001 1747 Quod
2046 1669 2140 1733 sic
2185 1670 2475 1756 explicat
2518 1670 2696 1733 idem

406 1768 645 1832 schola
710 1763 831 1833 καὶ
903 1763 1109 1857 ἡμεῖς
1170 1788 1306 1833 ουν
1358 1760 1496 1856 οὐχ
1552 1764 1651 1836 ὑπ
1669 1761 1952 1836 ’ἄλλων
2001 1763 2388 1856 πάσχομεν
2440 1771 2698 1855 ταῦτα,

405 1863 606 1936 ἄλλα
662 1870 754 1961 τῇ
804 1865 1094 1955 ἑαυτων
1146 1862 1437 1960 γνώμη.

576 2005 605 2087 ξ
653 2004 751 2066 13.
837 2006 904 2066 A
947 2003 1290 2067 vulturibus
1332 2028 1465 2068 una
1508 2003 1874 2068 similitudo
1919 2005 2169 2091 petitur
2209 2008 2339 2092 Ag.
2383 2009 2496 2072 48:

800 2154 1041 2243 μέγαν
1093 2177 1170 2222 εκ
1222 2152 1487 2242 θυμοῦ
1533 2150 1924 2233 κλάζοντες
1960 2153 2156 2251 Ἀρη

807 2250 1092 2344 τρόπον
1145 2254 1537 2343 αἰγυπιῶν,

808 2349 964 2423 οἵτ’
970 2350 1337 2432 ἐκπατίοις
1387 2354 1648 2446 ἄλγεσι
1701 2355 1993 2426 παίδων

806 2452 1078 2523 ὕπατοι
1130 2454 1406 2543 λεχέων
1460 2454 2137 2553 στροφοδινοῦνται

805 2551 1202 2649 πτερύγων
1254 2553 1665 2649 ἐρετμοῖσιν
1717 2554 2211 2650 ἐρεσσόμενοι,

760 2715 767 2730 .
809 2654 1250 2749 δεμνιοτήρη

807 2753 1046 2829 πόνον
1099 2754 1522 2849 ὀρταλίχων
1574 2753 1982 2838 ὀλέσαντες.

786 2855 1092 2937 ὕπατος
1143 2854 1224 2928 δ’
1229 2854 1419 2927 αἶ’ων
1471 2858 1517 2950 ἢ
1573 2882 1677 2939 τις
1719 2853 2118 2929 Απόλλων

810 2956 854 3051 ἢ
909 2956 1082 3027 Πὰν
1134 2958 1177 3050 ἢ
1231 2955 1412 3039 Ζεὺς
1462 2957 1952 3057 οἰωνόθροον

809 3056 1000 3151 γόον
1053 3055 1387 3145 ὀξυβόαν
1440 3061 1675 3131 τωνδε
1718 3065 2091 3154 μετοίκων

813 3157 1348 3254 υστερόποινον

808 3264 1073 3382 πέμπει
1125 3264 1558 3356 παραβασιν
1605 3258 1925 3359 Ἐρινύν.

813 3360 1017 3430 ου’τω
1073 3359 1155 3431 δ’
1175 3359 1452 3458 Ἀρέως
1501 3362 1770 3444 παῖδας
1821 3363 1864 3434 ὁ
1916 3369 2279 3458 κρείσσων

814 3486 897 3532 επ
918 3451 1429 3561 ’ᾊᾸλεξανδρῳ
1481 3467 1747 3553 πέμπει
1801 3426 2030 3547 ξένιός

811 3561 1012 3644 Ζεύς.

409 3715 675 3779 Clamor
742 3718 1020 3782 bellicus
1088 3720 1473 3783 Atridarum
1541 3720 1884 3784 confertur
1949 3746 2097 3785 cum
2153 3721 2457 3800 clamore,
2505 3745 2700 3808 quem

408 3816 705 3880 vultures
751 3820 956 3883 edunt
998 3821 1076 3883 ab
1125 3821 1489 3906 agrestibus
1536 3821 1735 3907 pullis
1783 3823 2013 3886 orbati.
2101 3823 2291 3887 Hanc
2331 3823 2702 3887 similitudi-

410 3939 564 3978 nem
633 3918 789 3980 dum
856 3920 1163 4007 explicat,
1219 3921 1301 3984 ad
1346 3920 1524 3984 aliud
1567 3923 1838 3986 tertium
1886 3924 2392 4009 comparationis
2437 3946 2703 4010 progre-

408 4016 589 4080 ditur
653 4032 878 4104 poeta:
944 4036 1019 4085 ut
1085 4021 1358 4086 deorum
1425 4022 1660 4108 aliquis
1717 4024 2086 4109 raptoribus
2135 4026 2348 4088 avium
2395 4024 2701 4087 ultricem

407 4117 666 4204 Erinyn
713 4119 933 4198 mittit,
980 4121 1070 4185 ita
1113 4121 1381 4208 Jupiter
1423 4122 1769 4210 hospitalis
1815 4123 1987 4189 filios
2035 4125 2225 4189 Atrei
2271 4124 2352 4188 ad
2396 4124 2701 4188 Paridem
