3134 4842
525 175 607 238 34

442 355 511 406 et
553 342 772 405 animo
818 338 1167 406 contrahi?
1240 340 1451 419 Quum
1498 341 1702 427 igitur
1743 342 1972 406 lumen·
2007 366 2154 406 cum
2201 366 2399 407 sensu
2444 346 2730 430 quodam

348 463 353 476 ³
433 442 888 527 jucunditatis,
932 442 1244 506 tenebrae
1291 465 1438 505 cum
1476 442 1803 506 contrario
1835 465 2031 507 sensu
2063 445 2454 528 conjunctae
2488 460 2735 523 essent,

441 543 686 607 factum
735 556 853 620 est,
898 556 972 606 ut
1022 543 1191 606 illud
1237 565 1429 628 saepe
1473 565 1594 628 pro
1633 566 1734 620 eo.
1766 544 1945 628 quod
1981 544 2290 622 faustum,
2320 545 2442 608 hae
2475 569 2594 631 pro
2629 570 2734 624 eo,

442 643 618 730 quod
681 643 1042 707 infaustum
1111 655 1304 721 esset,
1374 643 1768 707 dicerentur.
1855 647 1984 731 Ag.
2032 648 2111 710 22
2154 645 2319 731 vigil
2363 646 2505 709 viso
2552 647 2734 733 igne,

442 743 554 831 qui
585 745 893 808 nuntium
920 757 1146 831 captae
1176 744 1414 828 Trojae
1443 743 1650 821 affert,
1676 745 2029 810 exclamat:
2064 731 2128 811 εὖ
2142 753 2360 837 χαῖρε
2379 743 2727 835 λαμπτὴρ

440 839 721 928 νυκτὸς,
808 839 1207 935 ἡμερήσιον
1293 836 1495 937 φάος
1576 839 2043 944 πιφαύσκων.
2098 856 2100 860 ’
2142 841 2547 933 ἡμερήσιον
2632 861 2737 913 est

424 946 789 1033 felicitatem
831 948 1113 1031 afferens.
1174 945 1565 1034 ‘Neminem
1612 946 1806 1032 fugit,
1853 962 2168 1031 quantum
2213 949 2312 1012 vis
2356 948 2553 1034 hujus
2598 972 2734 1014 me·

439 1046 751 1133 taphorae
799 1070 879 1112 eo
928 1060 1261 1132 augeatur,
1308 1046 1485 1131 quod
1517 1047 2059 1112 antecedentibus
2091 1044 2440 1138 λαμπτὴρ
2471 1045 2732 1126 νυκτός

441 1148 746 1235 opposita
789 1149 904 1225 sit;
959 1148 1076 1213 tali
1118 1147 1269 1210 lusu
1313 1148 1664 1211 verborum
1711 1148 1818 1211 vel
1863 1150 2145 1213 maxime
2195 1151 2559 1216 delectatur
2601 1154 2735 1215 Ae-

441 1247 726 1334 schylus,
818 1248 948 1313 Sed
992 1248 1190 1312 etiam
1234 1248 1399 1311 haec
1442 1249 1661 1326 verba,
1695 1247 1819 1312 et‘si
1853 1250 2200 1336 praecipue
2233 1252 2498 1338 proprio
2533 1275 2732 1316 sensu

441 1349 616 1413 dicta
681 1364 835 1414 sunt
899 1364 966 1414 et
1028 1350 1253 1436 ignem
1320 1361 1523 1412 noctu
1590 1362 2014 1435 apparentem
2072 1350 2464 1437 significant,
2510 1364 2731 1416 tamen

444 1450 669 1514 nescio
737 1473 818 1515 an
886 1474 987 1528 eo,
1056 1449 1235 1535 quod
1301 1443 1705 1538 ἡμερήσιον
1767 1444 1969 1544 φάος
2021 1466 2464 1538 opponuntur,
2532 1466 2734 1516 meta-

443 1550 751 1637 phoricae
799 1550 1301 1639 significationis
1349 1551 1634 1635 quodam
1679 1551 1879 1615 modo
1926 1552 2106 1616 socia
2151 1552 2329 1629 fiant,
2371 1568 2445 1616 ut
2473 1546 2738 1628 νυκτός

446 1652 643 1715 etiam
710 1653 788 1716 de
856 1652 1109 1739 magnis
1165 1650 1518 1736 multisque
1589 1652 1821 1716 domus
1890 1653 2169 1717 miseriis
2225 1653 2731 1740 intelligendum

446 1753 549 1817 sit.
669 1753 823 1817 Non
889 1777 1031 1817 raro
1101 1752 1278 1815 enim
1346 1765 1412 1815 et
1476 1753 1798 1816 vocabula
1864 1769 1930 1817 et
1993 1768 2172 1818 totae
2241 1754 2736 1819 enuntiationes

443 1855 536 1917 ita
602 1853 1050 1939 proferuntur,
1104 1867 1179 1916 ut
1230 1853 1404 1916 inter
1449 1854 1779 1939 propriam
1827 1867 1894 1918 et
1944 1855 2322 1917 translatam
2368 1855 2501 1917 vim
2550 1855 2734 1940 quasi

446 1954 775 2019 vacillent.
841 1994 926 2002 —
990 1953 1307 2017 Similiter
1372 1955 1787 2039 Agamemno
1856 1954 2124 2018 domum
2190 1954 2451 2019 rediens
2509 1956 2735 2019 lumen

447 2070 640 2118 noete
709 2054 896 2118 affert
961 2057 1105 2141 Ag:
1158 2055 1309 2118 522:
1374 2047 1522 2138 ἥκει
1591 2049 1739 2143 γὰρ
1807 2050 1975 2139 ὑμῖν
2041 2055 2210 2148 φσδς
2266 2049 2341 2121 ἐν
2396 2048 2735 2150 εὐφρόνῃ

449 2155 727 2249 φέρων.
785 2148 1137 2254 εὐφρόνη,
1204 2178 1347 2227 nox,
1407 2154 1665 2234 dicitur,
1725 2156 1878 2242 quia
1922 2155 2215 2220 absentia
2260 2157 2432 2244 regis
2480 2157 2737 2222 civibus

447 2255 692 2319 malum
741 2269 859 2320 est.
903 2295 989 2305 —
1031 2259 1160 2342 Ag.
1208 2256 1361 2320 602:

1569 2407 1648 2472 τί
1686 2399 1832 2494 γὰρ

751 2502 1038 2597 γυναικὶ
1092 2499 1367 2573 τούτου
1420 2507 1707 2626 φέγγος
1760 2501 1970 2596 ἥδιον
2020 2505 2312 2596 δρακεῖν

750 2603 901 2676 ἀπὸ
961 2608 1345 2696 στρατείας
1394 2604 1609 2700 ανδρὶ
1663 2604 2060 2686 σώσαντος
2104 2606 2294 2676 θεοῦ

750 2703 987 2787 πύλας
1034 2702 1318 2789 ἀνοῖξαι
1331 2729 1361 2793 ;

447 2862 562 2926 ubi
609 2859 892 2955 φέγγος
941 2885 1038 2924 res
1081 2861 1254 2936 laeta,
1299 2883 1432 2924 non
1477 2863 1606 2924 dies
1652 2873 1769 2934 est,
1815 2874 1889 2924 ut
1931 2861 2235 2924 nonnulli
2278 2862 2532 2926 volunt.
2622 2861 2740 2926 Cfr

450 2963 647 3028 etiam
713 2964 841 3049 Ag.
911 2963 1052 3038 900,
1111 2962 1224 3024 ubi
1270 2961 1794 3046 Clytaemnestra
1839 2962 2143 3025 maritum
2188 2963 2498 3026 reducem
2543 2976 2741 3027 vocat

446 3059 848 3130 κάλλιστον
891 3048 1091 3151 ἦμαρ
1139 3057 1426 3128 εἰσιδεῖν
1469 3057 1544 3127 ἐκ
1577 3061 1952 3147 χειζιιατος.
1998 3101 2082 3110 —-
2127 3062 2420 3149 Choeph.
2454 3065 2607 3128 807:
2654 3048 2736 3129 εὖ

451 3160 579 3241 δὸς
605 3158 885 3231 ἄναδῦν
907 3158 1153 3246 δόμον
1171 3155 1466 3250 ἀνδρὸς,
1485 3163 1619 3228 καί
1631 3184 1743 3227 νιν
1765 3156 2376 3258 ἓλευθερίαςφεῦς
2387 3158 2737 3251 λαμπρὸν

450 3262 625 3332 ἰδεῖν
679 3265 958 3355 φιλίοις
1001 3261 1329 3350 ὄμμασιν
1372 3258 1448 3330 ἐκ
1491 3258 1867 3356 δνοφερᾶς
1906 3258 2350 3351 καλύπτρας.
2432 3266 2616 3330 Haec
2650 3288 2735 3328 ex

451 3368 740 3431 secundo
787 3367 1054 3431 stasimo
1092 3364 1637 3452 Choephororum
1674 3378 1845 3442 sunt,
1883 3387 2010 3449 quo
2036 3364 2312 3429 fortasse
2339 3366 2505 3429 nihil
2528 3367 2737 3453 magis

452 3481 829 3554 corruptum
875 3469 945 3532 in
988 3468 1197 3532 literis
1245 3466 1510 3530 Graecis
1557 3479 1791 3530 exstat.
1880 3465 2040 3530 Illos
2085 3490 2310 3531 versus
2356 3466 2541 3544 tales,
2586 3490 2738 3552 qua-

450 3568 546 3632 les
594 3591 788 3655 supra
833 3570 1043 3647 attuli,
1089 3569 1360 3655 praebet
1404 3565 1702 3630 Dindorf
1737 3567 2090 3630 maximam
2134 3567 2737 3654 partememenda-

450 3669 704 3733 tionem
750 3669 979 3734 Weilii
1025 3684 1309 3734 secutus,
1400 3667 1467 3731 Si
1513 3660 1786 3752 ἀνδρός
1814 3680 1883 3731 et
1910 3668 2020 3733 νίν
2049 3668 2131 3731 ad
2161 3671 2732 3753 Agamemnonem

451 3770 816 3847 referimus,
863 3770 1191 3835 sententia
1234 3769 1389 3833 satis
1434 3768 1792 3855 probabilis
1826 3769 2105 3832 exsistit.
2190 3763 2365 3861 φῶς
2386 3764 2738 3852 λαμπρόν

451 3872 632 3935 bene·
670 3871 749 3934 de
795 3871 1096 3935 libertate
1145 3870 1404 3947 dicitur,
1451 3883 1523 3932 ut
1569 3892 1733 3955 quae
1783 3869 2078 3933 omnium
2107 3891 2324 3932 rerum
2354 3868 2737 3933 felicissima

453 3987 521 4035 et
582 3972 963 4037 hominibus
1028 3970 1401 4058 gratissima
1465 3970 1567 4033 sit.
1676 3969 1895 4034 Etiam
1952 3963 2197 4046 hic,⁷ut
2240 3992 2434 4056 supra
2478 3971 2560 4035 ad
2605 3974 2733 4056 Ag.

454 4073 534 4136 22
589 4073 1189 4149 animadvertimus,
1242 4085 1441 4157 poeta
1486 4070 1790 4135 consulto
1839 4070 1970 4133 duo
2020 4070 2322 4156 opposita
2367 4070 2735 4160 conjunxit,

454 4172 689 4237 claram
734 4174 950 4238 lucem
994 4172 1314 4237 libertatis
1364 4184 1431 4235 et
1476 4171 1754 4235 obscura
1795 4170 1961 4248 loca,
2006 4171 2120 4235 ubi
2151 4174 2565 4257 Agamemno
2594 4192 2736 4233 ver-
