<?xml version="1.0" encoding="UTF-8"?>
<!DOCTYPE html PUBLIC "-//W3C//DTD XHTML 1.0 Transitional//EN"
    "http://www.w3.org/TR/xhtml1/DTD/xhtml1-transitional.dtd">
<html xmlns="http://www.w3.org/1999/xhtml" xml:lang="en" lang="en">
 <head>
  <title>
</title>
<meta http-equiv="Content-Type" content="text/html;charset=utf-8" />
  <meta name='ocr-system' content='tesseract 3.04.00' />
  <meta name='ocr-capabilities' content='ocr_page ocr_carea ocr_par ocr_line ocrx_word'/>
</head>
<body>
  <div class='ocr_page' id='page_1' title='image "./deimaginibusaes00dahlgoog_0071.png"; bbox 0 0 3134 4842; ppageno 0'>
   <div class='ocr_carea' id='block_1_1' title="bbox 25 4356 37 4627">
    <p class='ocr_par' dir='ltr' id='par_1_1' title="bbox 25 4356 37 4627">
     <span class='ocr_line' id='line_1_1' title="bbox 25 4356 37 4627; textangle 90"><span class='ocrx_word' id='word_1_1' title='bbox 25 4472 37 4627; x_wconf 83' lang='lat'><strong>..———-—</strong></span> <span class='ocrx_word' id='word_1_2' title='bbox 26 4356 34 4443; x_wconf 64' lang='lat'><strong>--⁴-</strong></span> 
     </span>
    </p>
   </div>
   <div class='ocr_carea' id='block_1_2' title="bbox 2550 202 2631 267">
    <p class='ocr_par' dir='ltr' id='par_1_2' title="bbox 2550 202 2631 267">
     <span class='ocr_line' id='line_1_2' title="bbox 2550 202 2631 267; baseline 0.012 -1"><span class='ocrx_word' id='word_1_3' title='bbox 2550 202 2631 267; x_wconf 86' lang='lat'><strong>65</strong></span> 
     </span>
    </p>
   </div>
   <div class='ocr_carea' id='block_1_3' title="bbox 420 359 2784 3778">
    <p class='ocr_par' dir='ltr' id='par_1_3' title="bbox 423 359 2784 2065">
     <span class='ocr_line' id='line_1_3' title="bbox 424 359 2718 460; baseline -0.002 -22"><span class='ocrx_word' id='word_1_4' title='bbox 424 369 612 439; x_wconf 84' lang='grc' dir='ltr'><em>σθαι</em></span> <span class='ocrx_word' id='word_1_5' title='bbox 674 362 1236 456; x_wconf 86' lang='grc' dir='ltr'><em>κάπιχαλκεύειν</em></span> <span class='ocrx_word' id='word_1_6' title='bbox 1290 362 1631 460; x_wconf 75' lang='grc' dir='ltr'><em>μύδρους</em></span> <span class='ocrx_word' id='word_1_7' title='bbox 1692 362 1776 444; x_wconf 83' lang='grc' dir='ltr'><strong>ὃς</strong></span> <span class='ocrx_word' id='word_1_8' title='bbox 1838 359 2225 434; x_wconf 72' lang='grc' dir='ltr'><em>ἀστενακτὶ</em></span> <span class='ocrx_word' id='word_1_9' title='bbox 2278 361 2561 445; x_wconf 83' lang='grc' dir='ltr'><em>θύννος</em></span> <span class='ocrx_word' id='word_1_10' title='bbox 2615 364 2718 446; x_wconf 73' lang='grc' dir='ltr'><strong>(ὃς</strong></span> 
     </span>
     <span class='ocr_line' id='line_1_4' title="bbox 423 462 2718 561; baseline -0.002 -22"><span class='ocrx_word' id='word_1_11' title='bbox 423 466 764 561; x_wconf 81' lang='grc' dir='ltr'><em>ἠνέσχετο</em></span> <span class='ocrx_word' id='word_1_12' title='bbox 795 465 1181 547; x_wconf 77' lang='grc' dir='ltr'><strong><em>ἄναυδος.»</em></strong></span> <span class='ocrx_word' id='word_1_13' title='bbox 1220 465 1340 536; x_wconf 84' lang='grc' dir='ltr'><em>καὶ</em></span> <span class='ocrx_word' id='word_1_14' title='bbox 1368 463 1711 555; x_wconf 74' lang='grc' dir='ltr'><em>ἀλλαχοῦ</em></span> <span class='ocrx_word' id='word_1_15' title='bbox 1727 489 1749 533; x_wconf 90' lang='grc'><strong>.·</strong></span> <span class='ocrx_word' id='word_1_16' title='bbox 1786 462 1913 535; x_wconf 73' lang='grc' dir='ltr'><strong>»τὸ</strong></span> <span class='ocrx_word' id='word_1_17' title='bbox 1948 463 2206 535; x_wconf 86' lang='grc' dir='ltr'><em>σκαιὸν</em></span> <span class='ocrx_word' id='word_1_18' title='bbox 2235 464 2445 557; x_wconf 83' lang='grc' dir='ltr'><em>ὄμμα</em></span> <span class='ocrx_word' id='word_1_19' title='bbox 2473 491 2718 560; x_wconf 82' lang='grc' dir='ltr'><em>παρα-</em></span> 
     </span>
     <span class='ocr_line' id='line_1_5' title="bbox 423 563 2719 666; baseline 0 -28"><span class='ocrx_word' id='word_1_20' title='bbox 423 566 688 657; x_wconf 74' lang='grc' dir='ltr'><em>βαλών</em></span> <span class='ocrx_word' id='word_1_21' title='bbox 718 566 1008 638; x_wconf 86' lang='grc' dir='ltr'><em>θύννου</em></span> <span class='ocrx_word' id='word_1_22' title='bbox 1031 567 1295 656; x_wconf 77' lang='grc' dir='ltr'><em>δίκην.»</em></span> <span class='ocrx_word' id='word_1_23' title='bbox 1328 566 1432 647; x_wconf 73' lang='grc' dir='ltr'><strong>ως</strong></span> <span class='ocrx_word' id='word_1_24' title='bbox 1451 570 1589 637; x_wconf 83' lang='grc' dir='ltr'><strong>τοῦ</strong></span> <span class='ocrx_word' id='word_1_25' title='bbox 1609 563 1900 636; x_wconf 86' lang='grc' dir='ltr'><em>θύννου</em></span> <span class='ocrx_word' id='word_1_26' title='bbox 1927 570 2033 656; x_wconf 71' lang='grc' dir='ltr'><strong>τῷ</strong></span> <span class='ocrx_word' id='word_1_27' title='bbox 2058 572 2289 656; x_wconf 75' lang='grc' dir='ltr'><em>σκαιῷ</em></span> <span class='ocrx_word' id='word_1_28' title='bbox 2316 563 2719 666; x_wconf 69' lang='grc' dir='ltr'><em>ὀφθαλμῷ</em></span> 
     </span>
     <span class='ocr_line' id='line_1_6' title="bbox 426 666 2715 758; baseline -0.003 -18"><span class='ocrx_word' id='word_1_29' title='bbox 426 666 519 740; x_wconf 74' lang='grc' dir='ltr'><strong>οὗ</strong></span> <span class='ocrx_word' id='word_1_30' title='bbox 563 670 995 758; x_wconf 78' lang='grc' dir='ltr'><em>βλέποντος.</em></span> <span class='ocrx_word' id='word_1_31' title='bbox 1084 673 1308 736; x_wconf 83' lang='lat' dir='ltr'>Priore</span> <span class='ocrx_word' id='word_1_32' title='bbox 1345 672 1494 736; x_wconf 95' lang='lat' dir='ltr'><strong>loco</strong></span> <span class='ocrx_word' id='word_1_33' title='bbox 1524 671 1838 757; x_wconf 78' lang='lat' dir='ltr'>thynnus,</span> <span class='ocrx_word' id='word_1_34' title='bbox 1868 684 1944 735; x_wconf 87' lang='lat' dir='ltr'><strong>ut</strong></span> <span class='ocrx_word' id='word_1_35' title='bbox 1971 694 2167 758; x_wconf 83' lang='lat' dir='ltr'>saepe</span> <span class='ocrx_word' id='word_1_36' title='bbox 2200 672 2433 757; x_wconf 88' lang='lat' dir='ltr'><strong>pisces,</strong></span> <span class='ocrx_word' id='word_1_37' title='bbox 2466 672 2715 736; x_wconf 89' lang='lat' dir='ltr'><strong>silentii</strong></span> 
     </span>
     <span class='ocr_line' id='line_1_7' title="bbox 423 764 2716 862; baseline -0.002 -23"><span class='ocrx_word' id='word_1_38' title='bbox 423 776 642 862; x_wconf 80' lang='lat' dir='ltr'><strong>imago</strong></span> <span class='ocrx_word' id='word_1_39' title='bbox 695 787 827 851; x_wconf 87' lang='lat' dir='ltr'><strong>est;</strong></span> <span class='ocrx_word' id='word_1_40' title='bbox 872 773 1041 838; x_wconf 83' lang='lat' dir='ltr'><strong>nihil</strong></span> <span class='ocrx_word' id='word_1_41' title='bbox 1086 785 1187 837; x_wconf 90' lang='lat' dir='ltr'><strong>est</strong></span> <span class='ocrx_word' id='word_1_42' title='bbox 1228 764 1447 836; x_wconf 79' lang='lat' dir='ltr'><strong>tritius</strong></span> <span class='ocrx_word' id='word_1_43' title='bbox 1492 795 1687 857; x_wconf 90' lang='lat' dir='ltr'><strong>quam</strong></span> <span class='ocrx_word' id='word_1_44' title='bbox 1732 772 1899 857; x_wconf 81' lang='lat' dir='ltr'><strong>pisci</strong></span> <span class='ocrx_word' id='word_1_45' title='bbox 1931 771 2274 859; x_wconf 76' lang='lat' dir='ltr'><strong>epitheton</strong></span> <span class='ocrx_word' id='word_1_46' title='bbox 2303 777 2458 836; x_wconf 78' lang='lat' dir='ltr'><strong>muti</strong></span> <span class='ocrx_word' id='word_1_47' title='bbox 2488 773 2716 857; x_wconf 86' lang='lat' dir='ltr'><strong>adjici;</strong></span> 
     </span>
     <span class='ocr_line' id='line_1_8' title="bbox 423 866 2717 961; baseline 0 -24"><span class='ocrx_word' id='word_1_48' title='bbox 423 877 575 941; x_wconf 85' lang='lat' dir='ltr'><strong>vide</strong></span> <span class='ocrx_word' id='word_1_49' title='bbox 644 876 823 938; x_wconf 86' lang='lat' dir='ltr'><strong>Pers.</strong></span> <span class='ocrx_word' id='word_1_50' title='bbox 883 877 1034 938; x_wconf 84' lang='lat'>577:</span> <span class='ocrx_word' id='word_1_51' title='bbox 1103 867 1545 939; x_wconf 81' lang='grc' dir='ltr'><strong>σκύλλονται</strong></span> <span class='ocrx_word' id='word_1_52' title='bbox 1606 866 1795 961; x_wconf 84' lang='grc' dir='ltr'><em>πρὸς</em></span> <span class='ocrx_word' id='word_1_53' title='bbox 1849 866 2200 938; x_wconf 82' lang='grc' dir='ltr'><em>ἀναύδων</em></span> <span class='ocrx_word' id='word_1_54' title='bbox 2241 869 2531 939; x_wconf 77' lang='grc' dir='ltr'><em>παίδων</em></span> <span class='ocrx_word' id='word_1_55' title='bbox 2586 874 2717 949; x_wconf 78' lang='grc' dir='ltr'><strong>τάς</strong></span> 
     </span>
     <span class='ocr_line' id='line_1_9' title="bbox 423 970 2746 1060; baseline -0.002 -18"><span class='ocrx_word' id='word_1_56' title='bbox 423 970 816 1060; x_wconf 79' lang='grc' dir='ltr'><em>ἀμιάντου.</em></span> <span class='ocrx_word' id='word_1_57' title='bbox 901 976 1135 1039; x_wconf 89' lang='lat' dir='ltr'><strong>Altero</strong></span> <span class='ocrx_word' id='word_1_58' title='bbox 1189 974 1305 1038; x_wconf 93' lang='lat' dir='ltr'><strong>illo</strong></span> <span class='ocrx_word' id='word_1_59' title='bbox 1351 974 1527 1051; x_wconf 81' lang='lat'><strong>1000,</strong></span> <span class='ocrx_word' id='word_1_60' title='bbox 1573 996 1768 1058; x_wconf 92' lang='lat' dir='ltr'><strong>quem</strong></span> <span class='ocrx_word' id='word_1_61' title='bbox 1812 972 2200 1038; x_wconf 79' lang='lat' dir='ltr'><strong>Athenaeus</strong></span> <span class='ocrx_word' id='word_1_62' title='bbox 2247 997 2332 1037; x_wconf 84' lang='lat' dir='ltr'><strong>ex</strong></span> <span class='ocrx_word' id='word_1_63' title='bbox 2375 973 2746 1059; x_wconf 78' lang='lat' dir='ltr'><strong>Aeschylo‘</strong></span> 
     </span>
     <span class='ocr_line' id='line_1_10' title="bbox 427 1073 2784 1162; baseline -0.001 -20"><span class='ocrx_word' id='word_1_64' title='bbox 427 1077 636 1155; x_wconf 85' lang='lat' dir='ltr'><strong>affert,</strong></span> <span class='ocrx_word' id='word_1_65' title='bbox 668 1100 817 1140; x_wconf 91' lang='lat' dir='ltr'><strong>cum</strong></span> <span class='ocrx_word' id='word_1_66' title='bbox 844 1074 1100 1162; x_wconf 78' lang='lat' dir='ltr'>thynno</span> <span class='ocrx_word' id='word_1_67' title='bbox 1135 1087 1547 1161; x_wconf 88' lang='lat' dir='ltr'><strong>comparatur</strong></span> <span class='ocrx_word' id='word_1_68' title='bbox 1575 1074 1652 1151; x_wconf 77' lang='lat' dir='ltr'><strong>ie,</strong></span> <span class='ocrx_word' id='word_1_69' title='bbox 1687 1073 1796 1158; x_wconf 90' lang='lat' dir='ltr'><strong>qui</strong></span> <span class='ocrx_word' id='word_1_70' title='bbox 1829 1074 2095 1138; x_wconf 89' lang='lat' dir='ltr'><strong>sinistro</strong></span> <span class='ocrx_word' id='word_1_71' title='bbox 2122 1075 2316 1139; x_wconf 92' lang='lat' dir='ltr'><strong>oculo</strong></span> <span class='ocrx_word' id='word_1_72' title='bbox 2341 1098 2475 1138; x_wconf 93' lang='lat' dir='ltr'><strong>non</strong></span> <span class='ocrx_word' id='word_1_73' title='bbox 2499 1075 2715 1152; x_wconf 78' lang='lat' dir='ltr'><strong>videt3</strong></span> <span class='ocrx_word' id='word_1_74' title='bbox 2761 1095 2784 1129; x_wconf 78' lang='lat'><strong>··</strong></span> 
     </span>
     <span class='ocr_line' id='line_1_11' title="bbox 426 1175 2716 1263; baseline -0.001 -22"><span class='ocrx_word' id='word_1_75' title='bbox 426 1202 578 1241; x_wconf 91' lang='lat' dir='ltr'><strong>nam</strong></span> <span class='ocrx_word' id='word_1_76' title='bbox 637 1177 810 1263; x_wconf 87' lang='lat' dir='ltr'><strong>apud</strong></span> <span class='ocrx_word' id='word_1_77' title='bbox 854 1175 1135 1240; x_wconf 87' lang='lat' dir='ltr'><strong>Graecos</strong></span> <span class='ocrx_word' id='word_1_78' title='bbox 1183 1199 1259 1239; x_wconf 91' lang='lat' dir='ltr'><strong>ea</strong></span> <span class='ocrx_word' id='word_1_79' title='bbox 1305 1175 1530 1261; x_wconf 93' lang='lat' dir='ltr'><strong>opinio</strong></span> <span class='ocrx_word' id='word_1_80' title='bbox 1577 1187 1717 1238; x_wconf 88' lang='lat' dir='ltr'><strong>erat</strong></span> <span class='ocrx_word' id='word_1_81' title='bbox 1758 1175 2066 1259; x_wconf 85' lang='lat' dir='ltr'><strong>vulgaris,</strong></span> <span class='ocrx_word' id='word_1_82' title='bbox 2111 1175 2398 1260; x_wconf 81' lang='lat' dir='ltr'><strong>thynnos</strong></span> <span class='ocrx_word' id='word_1_83' title='bbox 2446 1176 2716 1240; x_wconf 87' lang='lat' dir='ltr'><strong>sinistro</strong></span> 
     </span>
     <span class='ocr_line' id='line_1_12' title="bbox 430 1274 2719 1364; baseline -0.001 -22"><span class='ocrx_word' id='word_1_84' title='bbox 430 1278 622 1343; x_wconf 91' lang='lat' dir='ltr'><strong>oculo</strong></span> <span class='ocrx_word' id='word_1_85' title='bbox 669 1290 892 1364; x_wconf 85' lang='lat' dir='ltr'><strong>captos</strong></span> <span class='ocrx_word' id='word_1_86' title='bbox 939 1299 1111 1352; x_wconf 88' lang='lat' dir='ltr'><strong>esse;</strong></span> <span class='ocrx_word' id='word_1_87' title='bbox 1157 1276 1309 1340; x_wconf 87' lang='lat' dir='ltr'><strong>vide</strong></span> <span class='ocrx_word' id='word_1_88' title='bbox 1335 1276 1563 1339; x_wconf 89' lang='lat' dir='ltr'><strong>Herm.</strong></span> <span class='ocrx_word' id='word_1_89' title='bbox 1595 1274 1674 1338; x_wconf 92' lang='lat' dir='ltr'><strong>ad</strong></span> <span class='ocrx_word' id='word_1_90' title='bbox 1704 1275 1869 1339; x_wconf 90' lang='lat' dir='ltr'><strong>illud</strong></span> <span class='ocrx_word' id='word_1_91' title='bbox 1898 1274 2131 1361; x_wconf 81' lang='lat' dir='ltr'>fragm.</span> <span class='ocrx_word' id='word_1_92' title='bbox 2163 1314 2249 1324; x_wconf 92' lang='lat'>—</span> <span class='ocrx_word' id='word_1_93' title='bbox 2282 1278 2432 1340; x_wconf 79' lang='lat' dir='ltr'><strong>Rete</strong></span> <span class='ocrx_word' id='word_1_94' title='bbox 2451 1280 2719 1362; x_wconf 77' lang='lat' dir='ltr'><strong>piscato-</strong></span> 
     </span>
     <span class='ocr_line' id='line_1_13' title="bbox 424 1375 2719 1463; baseline -0.001 -21"><span class='ocrx_word' id='word_1_95' title='bbox 424 1383 591 1442; x_wconf 73' lang='lat' dir='ltr'><strong>m&#39;um</strong></span> <span class='ocrx_word' id='word_1_96' title='bbox 634 1378 703 1442; x_wconf 93' lang='lat' dir='ltr'><strong>in</strong></span> <span class='ocrx_word' id='word_1_97' title='bbox 749 1378 1237 1463; x_wconf 89' lang='lat' dir='ltr'><strong>comparatione</strong></span> <span class='ocrx_word' id='word_1_98' title='bbox 1283 1389 1834 1440; x_wconf 83' lang='lat' dir='ltr'><strong>commemoratur</strong></span> <span class='ocrx_word' id='word_1_99' title='bbox 1877 1375 2171 1463; x_wconf 88' lang='lat' dir='ltr'><strong>Choeph.</strong></span> <span class='ocrx_word' id='word_1_100' title='bbox 2204 1377 2346 1451; x_wconf 85' lang='lat'><strong>506,</strong></span> <span class='ocrx_word' id='word_1_101' title='bbox 2378 1377 2494 1440; x_wconf 90' lang='lat' dir='ltr'><strong>ubi</strong></span> <span class='ocrx_word' id='word_1_102' title='bbox 2521 1378 2719 1442; x_wconf 88' lang='lat' dir='ltr'><strong>liberi</strong></span> 
     </span>
     <span class='ocr_line' id='line_1_14' title="bbox 428 1476 2716 1562; baseline -0 -20"><span class='ocrx_word' id='word_1_103' title='bbox 428 1479 670 1544; x_wconf 89' lang='lat' dir='ltr'><strong>mortui</strong></span> <span class='ocrx_word' id='word_1_104' title='bbox 723 1479 846 1542; x_wconf 86' lang='lat' dir='ltr'><strong>viri</strong></span> <span class='ocrx_word' id='word_1_105' title='bbox 892 1478 1135 1541; x_wconf 89' lang='lat' dir='ltr'><strong>famam</strong></span> <span class='ocrx_word' id='word_1_106' title='bbox 1181 1478 1321 1562; x_wconf 87' lang='lat' dir='ltr'><strong>ejus</strong></span> <span class='ocrx_word' id='word_1_107' title='bbox 1366 1477 1460 1540; x_wconf 89' lang='lat' dir='ltr'><strong>ita</strong></span> <span class='ocrx_word' id='word_1_108' title='bbox 1503 1499 1762 1540; x_wconf 87' lang='lat' dir='ltr'><strong>servare</strong></span> <span class='ocrx_word' id='word_1_109' title='bbox 1809 1476 2134 1551; x_wconf 88' lang='lat' dir='ltr'><strong>dicuntur,</strong></span> <span class='ocrx_word' id='word_1_110' title='bbox 2179 1490 2253 1541; x_wconf 88' lang='lat' dir='ltr'><strong>ut</strong></span> <span class='ocrx_word' id='word_1_111' title='bbox 2297 1478 2533 1541; x_wconf 91' lang='lat' dir='ltr'><strong>subera</strong></span> <span class='ocrx_word' id='word_1_112' title='bbox 2574 1491 2716 1542; x_wconf 91' lang='lat' dir='ltr'><strong>rete</strong></span> 
     </span>
     <span class='ocr_line' id='line_1_15' title="bbox 429 1576 2716 1663; baseline -0 -20"><span class='ocrx_word' id='word_1_113' title='bbox 429 1580 785 1655; x_wconf 88' lang='lat' dir='ltr'><strong>sustinent;</strong></span> <span class='ocrx_word' id='word_1_114' title='bbox 834 1592 1124 1643; x_wconf 89' lang='lat' dir='ltr'><strong>ceterum</strong></span> <span class='ocrx_word' id='word_1_115' title='bbox 1165 1577 1245 1641; x_wconf 91' lang='lat' dir='ltr'><strong>de</strong></span> <span class='ocrx_word' id='word_1_116' title='bbox 1289 1577 1417 1641; x_wconf 91' lang='lat' dir='ltr'><strong>hoc</strong></span> <span class='ocrx_word' id='word_1_117' title='bbox 1461 1577 1611 1641; x_wconf 92' lang='lat' dir='ltr'><strong>loeo</strong></span> <span class='ocrx_word' id='word_1_118' title='bbox 1659 1576 1832 1640; x_wconf 89' lang='lat' dir='ltr'><strong>infra</strong></span> <span class='ocrx_word' id='word_1_119' title='bbox 1871 1577 2060 1663; x_wconf 90' lang='lat' dir='ltr'><strong>plura</strong></span> <span class='ocrx_word' id='word_1_120' title='bbox 2088 1577 2405 1641; x_wconf 78' lang='lat' dir='ltr'><strong>dicemus,</strong></span> <span class='ocrx_word' id='word_1_121' title='bbox 2434 1616 2519 1626; x_wconf 92' lang='lat'><strong>—-</strong></span> <span class='ocrx_word' id='word_1_122' title='bbox 2547 1578 2716 1642; x_wconf 83' lang='lat' dir='ltr'><strong>Rete</strong></span> 
     </span>
     <span class='ocr_line' id='line_1_16' title="bbox 428 1676 2711 1763; baseline -0 -20"><span class='ocrx_word' id='word_1_123' title='bbox 428 1680 836 1756; x_wconf 88' lang='lat' dir='ltr'><strong>calamitatis,</strong></span> <span class='ocrx_word' id='word_1_124' title='bbox 880 1678 1233 1755; x_wconf 87' lang='lat' dir='ltr'><strong>vindictae,</strong></span> <span class='ocrx_word' id='word_1_125' title='bbox 1281 1676 1520 1741; x_wconf 81' lang='lat' dir='ltr'><strong>similia</strong></span> <span class='ocrx_word' id='word_1_126' title='bbox 1559 1677 1785 1742; x_wconf 90' lang='lat' dir='ltr'><strong>multis</strong></span> <span class='ocrx_word' id='word_1_127' title='bbox 1830 1677 1995 1742; x_wconf 85' lang='lat' dir='ltr'><strong>loeis</strong></span> <span class='ocrx_word' id='word_1_128' title='bbox 2042 1678 2380 1755; x_wconf 83' lang='lat' dir='ltr'><strong>dicuntur3</strong></span> <span class='ocrx_word' id='word_1_129' title='bbox 2436 1702 2711 1763; x_wconf 91' lang='lat' dir='ltr'><strong>quorum</strong></span> 
     </span>
     <span class='ocr_line' id='line_1_17' title="bbox 431 1779 2746 1869; baseline -0.001 -26"><span class='ocrx_word' id='word_1_130' title='bbox 431 1802 633 1865; x_wconf 89' lang='lat' dir='ltr'><strong>quum</strong></span> <span class='ocrx_word' id='word_1_131' title='bbox 677 1780 747 1843; x_wconf 91' lang='lat' dir='ltr'><strong>in</strong></span> <span class='ocrx_word' id='word_1_132' title='bbox 794 1779 936 1842; x_wconf 89' lang='lat' dir='ltr'><strong>aliis</strong></span> <span class='ocrx_word' id='word_1_133' title='bbox 981 1779 1305 1842; x_wconf 90' lang='lat' dir='ltr'><strong>incertum</strong></span> <span class='ocrx_word' id='word_1_134' title='bbox 1349 1779 1671 1855; x_wconf 86' lang='lat' dir='ltr'><strong>videatur,</strong></span> <span class='ocrx_word' id='word_1_135' title='bbox 1716 1791 1934 1842; x_wconf 87' lang='lat' dir='ltr'><strong>utrum</strong></span> <span class='ocrx_word' id='word_1_136' title='bbox 1968 1792 2107 1843; x_wconf 89' lang='lat' dir='ltr'><strong>rete</strong></span> <span class='ocrx_word' id='word_1_137' title='bbox 2137 1779 2468 1843; x_wconf 86' lang='lat' dir='ltr'><strong>venatoris</strong></span> <span class='ocrx_word' id='word_1_138' title='bbox 2502 1803 2581 1842; x_wconf 88' lang='lat' dir='ltr'><strong>an</strong></span> <span class='ocrx_word' id='word_1_139' title='bbox 2618 1780 2746 1869; x_wconf 33' lang='lat' dir='ltr'><strong>pi&lt;</strong></span> 
     </span>
     <span class='ocr_line' id='line_1_18' title="bbox 430 1879 2716 1965; baseline -0.001 -21"><span class='ocrx_word' id='word_1_140' title='bbox 430 1881 700 1946; x_wconf 88' lang='lat' dir='ltr'><strong>scatoris</strong></span> <span class='ocrx_word' id='word_1_141' title='bbox 732 1879 1237 1965; x_wconf 91' lang='lat' dir='ltr'><strong>intelligendum</strong></span> <span class='ocrx_word' id='word_1_142' title='bbox 1273 1879 1377 1957; x_wconf 90' lang='lat' dir='ltr'><strong>sit,</strong></span> <span class='ocrx_word' id='word_1_143' title='bbox 1406 1879 1476 1942; x_wconf 89' lang='lat' dir='ltr'><strong>in</strong></span> <span class='ocrx_word' id='word_1_144' title='bbox 1505 1879 1650 1942; x_wconf 88' lang='lat' dir='ltr'><strong>aliis</strong></span> <span class='ocrx_word' id='word_1_145' title='bbox 1684 1892 1905 1965; x_wconf 87' lang='lat' dir='ltr'><strong>aperte</strong></span> <span class='ocrx_word' id='word_1_146' title='bbox 1930 1879 2193 1943; x_wconf 87' lang='lat' dir='ltr'><strong>venatio</strong></span> <span class='ocrx_word' id='word_1_147' title='bbox 2219 1893 2570 1964; x_wconf 84' lang='lat' dir='ltr'><strong>spectetur,</strong></span> <span class='ocrx_word' id='word_1_148' title='bbox 2598 1902 2716 1944; x_wconf 88' lang='lat' dir='ltr'><strong>eos</strong></span> 
     </span>
     <span class='ocr_line' id='line_1_19' title="bbox 429 1978 2716 2065; baseline 0 -21"><span class='ocrx_word' id='word_1_149' title='bbox 429 2004 657 2045; x_wconf 90' lang='lat' dir='ltr'><strong>omnes</strong></span> <span class='ocrx_word' id='word_1_150' title='bbox 699 1981 876 2044; x_wconf 85' lang='lat' dir='ltr'><strong>inter</strong></span> <span class='ocrx_word' id='word_1_151' title='bbox 903 1994 1149 2043; x_wconf 90' lang='lat' dir='ltr'><strong>ceteras</strong></span> <span class='ocrx_word' id='word_1_152' title='bbox 1182 2002 1219 2042; x_wconf 90' lang='lat' dir='ltr'><strong>a</strong></span> <span class='ocrx_word' id='word_1_153' title='bbox 1245 1978 1551 2043; x_wconf 87' lang='lat' dir='ltr'><strong>venando</strong></span> <span class='ocrx_word' id='word_1_154' title='bbox 1587 1980 1814 2043; x_wconf 88' lang='lat' dir='ltr'><strong>ductas</strong></span> <span class='ocrx_word' id='word_1_155' title='bbox 1844 1980 2167 2065; x_wconf 81' lang='lat' dir='ltr'><strong>imagines</strong></span> <span class='ocrx_word' id='word_1_156' title='bbox 2196 1980 2371 2043; x_wconf 89' lang='lat' dir='ltr'><strong>infra</strong></span> <span class='ocrx_word' id='word_1_157' title='bbox 2399 1982 2716 2045; x_wconf 79' lang='lat' dir='ltr'><strong>tractabo,</strong></span> 
     </span>
    </p>

    <p class='ocr_par' dir='ltr' id='par_1_4' title="bbox 420 2079 2720 3778">
     <span class='ocr_line' id='line_1_20' title="bbox 570 2079 2720 2167; baseline 0 -23"><span class='ocrx_word' id='word_1_158' title='bbox 570 2084 599 2165; x_wconf 64' lang='grc' dir='ltr'><strong>ξ</strong></span> <span class='ocrx_word' id='word_1_159' title='bbox 622 2083 681 2145; x_wconf 85' lang='grc'><strong>4.</strong></span> <span class='ocrx_word' id='word_1_160' title='bbox 718 2083 984 2165; x_wconf 76' lang='lat' dir='ltr'><strong>Serpens</strong></span> <span class='ocrx_word' id='word_1_161' title='bbox 1008 2094 1077 2144; x_wconf 90' lang='lat' dir='ltr'><strong>et</strong></span> <span class='ocrx_word' id='word_1_162' title='bbox 1101 2083 1307 2154; x_wconf 80' lang='lat' dir='ltr'><strong>draco,</strong></span> <span class='ocrx_word' id='word_1_163' title='bbox 1329 2079 1634 2144; x_wconf 88' lang='lat' dir='ltr'><strong>fabulosa</strong></span> <span class='ocrx_word' id='word_1_164' title='bbox 1656 2081 1972 2165; x_wconf 88' lang='lat' dir='ltr'><strong>quaedam</strong></span> <span class='ocrx_word' id='word_1_165' title='bbox 1996 2081 2237 2159; x_wconf 88' lang='lat' dir='ltr'><strong>bellua,</strong></span> <span class='ocrx_word' id='word_1_166' title='bbox 2264 2105 2458 2167; x_wconf 90' lang='lat' dir='ltr'><strong>quam</strong></span> <span class='ocrx_word' id='word_1_167' title='bbox 2484 2080 2720 2145; x_wconf 85' lang='lat' dir='ltr'><strong>Graeci</strong></span> 
     </span>
     <span class='ocr_line' id='line_1_21' title="bbox 423 2180 2716 2268; baseline 0 -23"><span class='ocrx_word' id='word_1_168' title='bbox 423 2182 505 2245; x_wconf 88' lang='lat' dir='ltr'><strong>ad</strong></span> <span class='ocrx_word' id='word_1_169' title='bbox 552 2182 876 2268; x_wconf 84' lang='lat' dir='ltr'><strong>serpentis</strong></span> <span class='ocrx_word' id='word_1_170' title='bbox 924 2181 1426 2245; x_wconf 88' lang='lat' dir='ltr'><strong>similitudinem</strong></span> <span class='ocrx_word' id='word_1_171' title='bbox 1472 2181 1693 2245; x_wconf 86' lang='lat' dir='ltr'><strong>animo</strong></span> <span class='ocrx_word' id='word_1_172' title='bbox 1727 2180 2081 2259; x_wconf 87' lang='lat' dir='ltr'><strong>finxerunt,</strong></span> <span class='ocrx_word' id='word_1_173' title='bbox 2116 2205 2314 2266; x_wconf 91' lang='lat' dir='ltr'><strong>quum</strong></span> <span class='ocrx_word' id='word_1_174' title='bbox 2347 2195 2716 2245; x_wconf 85' lang='lat' dir='ltr'><strong>venenatus</strong></span> 
     </span>
     <span class='ocr_line' id='line_1_22' title="bbox 423 2281 2716 2368; baseline -0 -22"><span class='ocrx_word' id='word_1_175' title='bbox 423 2296 492 2346; x_wconf 88' lang='lat' dir='ltr'><strong>et</strong></span> <span class='ocrx_word' id='word_1_176' title='bbox 545 2306 748 2368; x_wconf 84' lang='lat' dir='ltr'><strong>rapax</strong></span> <span class='ocrx_word' id='word_1_177' title='bbox 804 2283 918 2345; x_wconf 92' lang='lat' dir='ltr'><strong>ille</strong></span> <span class='ocrx_word' id='word_1_178' title='bbox 981 2282 1084 2360; x_wconf 88' lang='lat' dir='ltr'><strong>sit,</strong></span> <span class='ocrx_word' id='word_1_179' title='bbox 1143 2281 1251 2345; x_wconf 90' lang='lat' dir='ltr'><strong>hic</strong></span> <span class='ocrx_word' id='word_1_180' title='bbox 1305 2281 1651 2367; x_wconf 83' lang='lat' dir='ltr'><strong>cogitetur,</strong></span> <span class='ocrx_word' id='word_1_181' title='bbox 1705 2305 1900 2368; x_wconf 89' lang='lat' dir='ltr'><strong>saepe</strong></span> <span class='ocrx_word' id='word_1_182' title='bbox 1952 2283 2046 2345; x_wconf 85' lang='lat' dir='ltr'><strong>ita</strong></span> <span class='ocrx_word' id='word_1_183' title='bbox 2097 2297 2716 2360; x_wconf 86' lang='lat' dir='ltr'><strong>commemorantur,</strong></span> 
     </span>
     <span class='ocr_line' id='line_1_23' title="bbox 423 2382 2714 2468; baseline 0.001 -24"><span class='ocrx_word' id='word_1_184' title='bbox 423 2397 498 2447; x_wconf 93' lang='lat' dir='ltr'><strong>ut</strong></span> <span class='ocrx_word' id='word_1_185' title='bbox 570 2383 866 2468; x_wconf 87' lang='lat' dir='ltr'><strong>nequitia</strong></span> <span class='ocrx_word' id='word_1_186' title='bbox 940 2383 1050 2445; x_wconf 86' lang='lat' dir='ltr'><strong>vel</strong></span> <span class='ocrx_word' id='word_1_187' title='bbox 1117 2382 1467 2446; x_wconf 87' lang='lat' dir='ltr'><strong>crudelitas</strong></span> <span class='ocrx_word' id='word_1_188' title='bbox 1543 2382 1747 2445; x_wconf 90' lang='lat' dir='ltr'><strong>animi</strong></span> <span class='ocrx_word' id='word_1_189' title='bbox 1813 2383 2198 2446; x_wconf 89' lang='lat' dir='ltr'><strong>declaretur.</strong></span> <span class='ocrx_word' id='word_1_190' title='bbox 2320 2384 2714 2447; x_wconf 89' lang='lat' dir='ltr'><strong>Praesertim</strong></span> 
     </span>
     <span class='ocr_line' id='line_1_24' title="bbox 428 2483 2715 2569; baseline 0.001 -24"><span class='ocrx_word' id='word_1_191' title='bbox 428 2483 744 2567; x_wconf 87' lang='lat' dir='ltr'><strong>dracones</strong></span> <span class='ocrx_word' id='word_1_192' title='bbox 797 2483 903 2546; x_wconf 85' lang='lat' dir='ltr'><strong>vel</strong></span> <span class='ocrx_word' id='word_1_193' title='bbox 946 2496 1285 2569; x_wconf 90' lang='lat' dir='ltr'><strong>serpentes</strong></span> <span class='ocrx_word' id='word_1_194' title='bbox 1331 2483 1550 2568; x_wconf 88' lang='lat' dir='ltr'><strong>pullos</strong></span> <span class='ocrx_word' id='word_1_195' title='bbox 1599 2483 1734 2546; x_wconf 86' lang='lat' dir='ltr'><strong>avis</strong></span> <span class='ocrx_word' id='word_1_196' title='bbox 1781 2484 2240 2569; x_wconf 84' lang='lat' dir='ltr'><strong>aggredientes</strong></span> <span class='ocrx_word' id='word_1_197' title='bbox 2286 2484 2715 2560; x_wconf 83' lang='lat' dir='ltr'><strong>inducuntur,</strong></span> 
     </span>
     <span class='ocr_line' id='line_1_25' title="bbox 431 2582 2716 2670; baseline 0.002 -25"><span class='ocrx_word' id='word_1_198' title='bbox 431 2606 557 2667; x_wconf 88' lang='lat' dir='ltr'><strong>qua</strong></span> <span class='ocrx_word' id='word_1_199' title='bbox 624 2583 911 2670; x_wconf 86' lang='lat' dir='ltr'><strong>imagine</strong></span> <span class='ocrx_word' id='word_1_200' title='bbox 977 2583 1343 2669; x_wconf 88' lang='lat' dir='ltr'><strong>periculum</strong></span> <span class='ocrx_word' id='word_1_201' title='bbox 1410 2606 1446 2645; x_wconf 90' lang='lat' dir='ltr'><strong>a</strong></span> <span class='ocrx_word' id='word_1_202' title='bbox 1515 2582 1766 2646; x_wconf 90' lang='lat' dir='ltr'><strong>crudeli</strong></span> <span class='ocrx_word' id='word_1_203' title='bbox 1830 2583 2019 2648; x_wconf 86' lang='lat' dir='ltr'><strong>hoste</strong></span> <span class='ocrx_word' id='word_1_204' title='bbox 2081 2583 2279 2647; x_wconf 86' lang='lat' dir='ltr'><strong>alicui</strong></span> <span class='ocrx_word' id='word_1_205' title='bbox 2320 2584 2716 2670; x_wconf 84' lang='lat' dir='ltr'><strong>impendens</strong></span> 
     </span>
     <span class='ocr_line' id='line_1_26' title="bbox 428 2683 2714 2769; baseline 0.001 -24"><span class='ocrx_word' id='word_1_206' title='bbox 428 2683 803 2748; x_wconf 84' lang='lat' dir='ltr'><strong>illustratur.</strong></span> <span class='ocrx_word' id='word_1_207' title='bbox 890 2684 949 2746; x_wconf 93' lang='lat' dir='ltr'><strong>Ii</strong></span> <span class='ocrx_word' id='word_1_208' title='bbox 990 2684 1140 2760; x_wconf 90' lang='lat' dir='ltr'><strong>loci,</strong></span> <span class='ocrx_word' id='word_1_209' title='bbox 1185 2685 1296 2768; x_wconf 90' lang='lat' dir='ltr'><strong>qui</strong></span> <span class='ocrx_word' id='word_1_210' title='bbox 1325 2683 1494 2747; x_wconf 91' lang='lat' dir='ltr'><strong>hanc</strong></span> <span class='ocrx_word' id='word_1_211' title='bbox 1522 2683 1881 2769; x_wconf 87' lang='lat' dir='ltr'><strong>imaginem</strong></span> <span class='ocrx_word' id='word_1_212' title='bbox 1913 2685 2277 2762; x_wconf 88' lang='lat' dir='ltr'><strong>continent,</strong></span> <span class='ocrx_word' id='word_1_213' title='bbox 2309 2708 2445 2749; x_wconf 92' lang='lat' dir='ltr'><strong>non</strong></span> <span class='ocrx_word' id='word_1_214' title='bbox 2480 2684 2714 2749; x_wconf 87' lang='lat' dir='ltr'><strong>dubito</strong></span> 
     </span>
     <span class='ocr_line' id='line_1_27' title="bbox 430 2784 2714 2868; baseline 0.001 -22"><span class='ocrx_word' id='word_1_215' title='bbox 430 2784 585 2868; x_wconf 90' lang='lat' dir='ltr'><strong>quin</strong></span> <span class='ocrx_word' id='word_1_216' title='bbox 633 2808 669 2846; x_wconf 90' lang='lat' dir='ltr'><strong>a</strong></span> <span class='ocrx_word' id='word_1_217' title='bbox 712 2784 1137 2849; x_wconf 89' lang='lat' dir='ltr'><strong>nobilissimis</strong></span> <span class='ocrx_word' id='word_1_218' title='bbox 1181 2784 1313 2847; x_wconf 88' lang='lat' dir='ltr'><strong>illis</strong></span> <span class='ocrx_word' id='word_1_219' title='bbox 1357 2784 1635 2847; x_wconf 89' lang='lat' dir='ltr'><strong>Homeri</strong></span> <span class='ocrx_word' id='word_1_220' title='bbox 1678 2784 1974 2847; x_wconf 85' lang='lat' dir='ltr'><strong>versibus</strong></span> <span class='ocrx_word' id='word_1_221' title='bbox 2016 2785 2091 2848; x_wconf 92' lang='lat' dir='ltr'><strong>Il.</strong></span> <span class='ocrx_word' id='word_1_222' title='bbox 2127 2787 2567 2862; x_wconf 82' lang='grc'>2,308-319,</span> <span class='ocrx_word' id='word_1_223' title='bbox 2599 2786 2714 2850; x_wconf 90' lang='lat' dir='ltr'><strong>ubi</strong></span> 
     </span>
     <span class='ocr_line' id='line_1_28' title="bbox 427 2883 2712 2972; baseline 0.001 -25"><span class='ocrx_word' id='word_1_224' title='bbox 427 2885 800 2972; x_wconf 83' lang='lat' dir='ltr'><strong>prodigium</strong></span> <span class='ocrx_word' id='word_1_225' title='bbox 844 2885 1090 2948; x_wconf 87' lang='lat' dir='ltr'><strong>Aulide</strong></span> <span class='ocrx_word' id='word_1_226' title='bbox 1138 2909 1174 2947; x_wconf 89' lang='lat' dir='ltr'><strong>a</strong></span> <span class='ocrx_word' id='word_1_227' title='bbox 1219 2883 1483 2948; x_wconf 85' lang='lat' dir='ltr'><strong>Graecis</strong></span> <span class='ocrx_word' id='word_1_228' title='bbox 1528 2884 1745 2947; x_wconf 86' lang='lat' dir='ltr'><strong>visum</strong></span> <span class='ocrx_word' id='word_1_229' title='bbox 1791 2885 2201 2963; x_wconf 90' lang='lat' dir='ltr'><strong>describitur,</strong></span> <span class='ocrx_word' id='word_1_230' title='bbox 2246 2899 2321 2950; x_wconf 91' lang='lat' dir='ltr'><strong>ut</strong></span> <span class='ocrx_word' id='word_1_231' title='bbox 2350 2910 2386 2948; x_wconf 92' lang='lat' dir='ltr'><strong>a</strong></span> <span class='ocrx_word' id='word_1_232' title='bbox 2418 2910 2536 2949; x_wconf 87' lang='lat' dir='ltr'><strong>suo</strong></span> <span class='ocrx_word' id='word_1_233' title='bbox 2569 2886 2712 2950; x_wconf 74' lang='lat' dir='ltr'><strong>fon-</strong></span> 
     </span>
     <span class='ocr_line' id='line_1_29' title="bbox 425 2978 2714 3072; baseline 0 -23"><span class='ocrx_word' id='word_1_234' title='bbox 425 2999 489 3048; x_wconf 88' lang='lat' dir='ltr'><strong>te</strong></span> <span class='ocrx_word' id='word_1_235' title='bbox 537 2978 623 3049; x_wconf 47' lang='lat' dir='ltr'><strong>et&#39;</strong></span> <span class='ocrx_word' id='word_1_236' title='bbox 647 2986 1010 3072; x_wconf 85' lang='lat' dir='ltr'><strong>exemplari</strong></span> <span class='ocrx_word' id='word_1_237' title='bbox 1052 2985 1398 3071; x_wconf 90' lang='lat' dir='ltr'><strong>repetendi</strong></span> <span class='ocrx_word' id='word_1_238' title='bbox 1444 2985 1595 3049; x_wconf 91' lang='lat' dir='ltr'><strong>sint.</strong></span> <span class='ocrx_word' id='word_1_239' title='bbox 1683 2985 1783 3048; x_wconf 88' lang='lat' dir='ltr'><strong>Ita</strong></span> <span class='ocrx_word' id='word_1_240' title='bbox 1811 2985 2112 3049; x_wconf 85' lang='lat' dir='ltr'><strong>Thebani</strong></span> <span class='ocrx_word' id='word_1_241' title='bbox 2144 3010 2293 3050; x_wconf 93' lang='lat' dir='ltr'><strong>cum</strong></span> <span class='ocrx_word' id='word_1_242' title='bbox 2324 2987 2521 3072; x_wconf 90' lang='lat' dir='ltr'><strong>pullis</strong></span> <span class='ocrx_word' id='word_1_243' title='bbox 2554 2988 2714 3064; x_wconf 85' lang='lat' dir='ltr'><strong>avis,</strong></span> 
     </span>
     <span class='ocr_line' id='line_1_30' title="bbox 422 3085 2712 3172; baseline 0.001 -24"><span class='ocrx_word' id='word_1_244' title='bbox 422 3085 491 3163; x_wconf 90' lang='lat' dir='ltr'><strong>ii,</strong></span> <span class='ocrx_word' id='word_1_245' title='bbox 537 3087 650 3171; x_wconf 91' lang='lat' dir='ltr'><strong>qui</strong></span> <span class='ocrx_word' id='word_1_246' title='bbox 679 3088 910 3150; x_wconf 92' lang='lat' dir='ltr'><strong>urbem</strong></span> <span class='ocrx_word' id='word_1_247' title='bbox 944 3109 1173 3150; x_wconf 89' lang='lat' dir='ltr'><strong>eorum</strong></span> <span class='ocrx_word' id='word_1_248' title='bbox 1208 3099 1614 3172; x_wconf 89' lang='lat' dir='ltr'><strong>oppugnant,</strong></span> <span class='ocrx_word' id='word_1_249' title='bbox 1648 3109 1796 3150; x_wconf 89' lang='lat' dir='ltr'><strong>cum</strong></span> <span class='ocrx_word' id='word_1_250' title='bbox 1830 3087 2222 3150; x_wconf 89' lang='lat' dir='ltr'><strong>draconibus</strong></span> <span class='ocrx_word' id='word_1_251' title='bbox 2258 3087 2712 3151; x_wconf 87' lang='lat' dir='ltr'><strong>conferuntur.</strong></span> 
     </span>
     <span class='ocr_line' id='line_1_31' title="bbox 426 3180 2714 3280; baseline 0.002 -31"><span class='ocrx_word' id='word_1_252' title='bbox 426 3186 604 3273; x_wconf 86' lang='lat' dir='ltr'><strong>Sept.</strong></span> <span class='ocrx_word' id='word_1_253' title='bbox 673 3189 824 3252; x_wconf 81' lang='lat'>289:</span> <span class='ocrx_word' id='word_1_254' title='bbox 884 3185 1237 3277; x_wconf 74' lang='grc' dir='ltr'><em>μέριμναι</em></span> <span class='ocrx_word' id='word_1_255' title='bbox 1300 3185 1726 3277; x_wconf 76' lang='grc' dir='ltr'><em>ζωπυροῦσι</em></span> <span class='ocrx_word' id='word_1_256' title='bbox 1794 3180 2078 3276; x_wconf 74' lang='grc' dir='ltr'><em>τάρβος</em></span> <span class='ocrx_word' id='word_1_257' title='bbox 2133 3181 2265 3253; x_wconf 86' lang='grc' dir='ltr'><em>τὸν</em></span> <span class='ocrx_word' id='word_1_258' title='bbox 2307 3180 2714 3280; x_wconf 79' lang='grc' dir='ltr'><em>ἀμφιτειχῆ</em></span> 
     </span>
     <span class='ocr_line' id='line_1_32' title="bbox 422 3281 2715 3378; baseline 0 -25"><span class='ocrx_word' id='word_1_259' title='bbox 422 3282 639 3370; x_wconf 75' lang='grc' dir='ltr'><em>λεών,</em></span> <span class='ocrx_word' id='word_1_260' title='bbox 712 3281 1121 3378; x_wconf 77' lang='grc' dir='ltr'><em>δράκοντας</em></span> <span class='ocrx_word' id='word_1_261' title='bbox 1187 3281 1290 3362; x_wconf 70' lang='grc' dir='ltr'><strong>ὥς</strong></span> <span class='ocrx_word' id='word_1_262' title='bbox 1354 3308 1459 3363; x_wconf 85' lang='grc' dir='ltr'><em>τις</em></span> <span class='ocrx_word' id='word_1_263' title='bbox 1518 3287 1791 3353; x_wconf 79' lang='grc' dir='ltr'><em>τέκνων</em></span> <span class='ocrx_word' id='word_1_264' title='bbox 1845 3283 2350 3375; x_wconf 74' lang='grc' dir='ltr'><em>ὑπερδέδοικεν</em></span> <span class='ocrx_word' id='word_1_265' title='bbox 2390 3286 2715 3375; x_wconf 86' lang='grc' dir='ltr'><em>λεχαίων</em></span> 
     </span>
     <span class='ocr_line' id='line_1_33' title="bbox 424 3381 2714 3506; baseline 0 -53"><span class='ocrx_word' id='word_1_266' title='bbox 424 3382 959 3480; x_wconf 84' lang='grc' dir='ltr'><em>δὐςευνάτορας</em></span> <span class='ocrx_word' id='word_1_267' title='bbox 1001 3381 1443 3506; x_wconf 59' lang='grc' dir='ltr'><em>πάντροφος</em></span> <span class='ocrx_word' id='word_1_268' title='bbox 1484 3381 1801 3471; x_wconf 73' lang='grc' dir='ltr'><em>πελειάς,</em></span> <span class='ocrx_word' id='word_1_269' title='bbox 1850 3389 1928 3452; x_wconf 86' lang='lat' dir='ltr'><strong>de</strong></span> <span class='ocrx_word' id='word_1_270' title='bbox 1964 3411 2092 3473; x_wconf 88' lang='lat' dir='ltr'><strong>quo</strong></span> <span class='ocrx_word' id='word_1_271' title='bbox 2123 3389 2270 3452; x_wconf 91' lang='lat' dir='ltr'><strong>loco</strong></span> <span class='ocrx_word' id='word_1_272' title='bbox 2304 3389 2492 3475; x_wconf 85' lang='lat' dir='ltr'><strong>plura</strong></span> <span class='ocrx_word' id='word_1_273' title='bbox 2518 3391 2714 3453; x_wconf 84' lang='lat' dir='ltr'><strong>infra.</strong></span> 
     </span>
     <span class='ocr_line' id='line_1_34' title="bbox 426 3481 2718 3579; baseline 0.003 -28"><span class='ocrx_word' id='word_1_274' title='bbox 426 3487 603 3575; x_wconf 88' lang='lat' dir='ltr'><strong>Sept.</strong></span> <span class='ocrx_word' id='word_1_275' title='bbox 651 3489 801 3553; x_wconf 85' lang='lat'>502:</span> <span class='ocrx_word' id='word_1_276' title='bbox 848 3483 1162 3565; x_wconf 82' lang='grc' dir='ltr'><em>Παλλὰς</em></span> <span class='ocrx_word' id='word_1_277' title='bbox 1192 3482 1286 3577; x_wconf 75' lang='grc' dir='ltr'><strong>ἥδ</strong></span> <span class='ocrx_word' id='word_1_278' title='bbox 1355 3481 1792 3577; x_wconf 81' lang='grc' dir='ltr'><em>ἀγχίπτολις</em></span> <span class='ocrx_word' id='word_1_279' title='bbox 1819 3483 2119 3556; x_wconf 84' lang='grc' dir='ltr'><em>πύλαισι</em></span> <span class='ocrx_word' id='word_1_280' title='bbox 2154 3484 2718 3579; x_wconf 69' lang='grc' dir='ltr'><em>γείτον’ἀνδρὸς</em></span> 
     </span>
     <span class='ocr_line' id='line_1_35' title="bbox 420 3582 2712 3679; baseline 0.002 -26"><span class='ocrx_word' id='word_1_281' title='bbox 420 3582 1102 3679; x_wconf 76' lang='grc' dir='ltr'><em>ἕχθαιρουσ’ὖ’βριν</em></span> <span class='ocrx_word' id='word_1_282' title='bbox 1143 3589 1356 3678; x_wconf 79' lang='grc' dir='ltr'><em>εἴρξει</em></span> <span class='ocrx_word' id='word_1_283' title='bbox 1400 3591 1733 3656; x_wconf 75' lang='grc' dir='ltr'><em>νεοσσῶν</em></span> <span class='ocrx_word' id='word_1_284' title='bbox 1779 3585 1882 3667; x_wconf 73' lang='grc' dir='ltr'><strong>ὥς</strong></span> <span class='ocrx_word' id='word_1_285' title='bbox 1924 3584 2298 3679; x_wconf 73' lang='grc' dir='ltr'><em>δράκοντα</em></span> <span class='ocrx_word' id='word_1_286' title='bbox 2329 3585 2712 3679; x_wconf 80' lang='grc' dir='ltr'><em>δύσχιμον.</em></span> 
     </span>
     <span class='ocr_line' id='line_1_36' title="bbox 420 3688 2715 3778; baseline 0.002 -27"><span class='ocrx_word' id='word_1_287' title='bbox 420 3688 931 3776; x_wconf 83' lang='lat' dir='ltr'><strong>Elegantissime</strong></span> <span class='ocrx_word' id='word_1_288' title='bbox 1000 3691 1275 3755; x_wconf 90' lang='lat' dir='ltr'><strong>eandem</strong></span> <span class='ocrx_word' id='word_1_289' title='bbox 1337 3691 1695 3778; x_wconf 88' lang='lat' dir='ltr'><strong>imaginem</strong></span> <span class='ocrx_word' id='word_1_290' title='bbox 1753 3692 1833 3755; x_wconf 92' lang='lat' dir='ltr'><strong>ad</strong></span> <span class='ocrx_word' id='word_1_291' title='bbox 1892 3690 2480 3776; x_wconf 88' lang='lat' dir='ltr'><strong>Clytaemnestram</strong></span> <span class='ocrx_word' id='word_1_292' title='bbox 2530 3707 2596 3758; x_wconf 85' lang='lat' dir='ltr'><strong>et</strong></span> <span class='ocrx_word' id='word_1_293' title='bbox 2637 3694 2715 3757; x_wconf 91' lang='lat' dir='ltr'><strong>li-</strong></span> 
     </span>
    </p>
   </div>
   <div class='ocr_carea' id='block_1_4' title="bbox 408 3790 2064 3891">
    <p class='ocr_par' dir='ltr' id='par_1_5' title="bbox 408 3790 2064 3891">
     <span class='ocr_line' id='line_1_37' title="bbox 408 3790 2064 3891; baseline 0.002 -39"><span class='ocrx_word' id='word_1_294' title='bbox 408 3790 615 3891; x_wconf 25' lang='lat' dir='ltr'><strong>‘beros</strong></span> <span class='ocrx_word' id='word_1_295' title='bbox 673 3792 1198 3879; x_wconf 89' lang='lat' dir='ltr'><strong>Agamemnonis</strong></span> <span class='ocrx_word' id='word_1_296' title='bbox 1257 3790 1527 3855; x_wconf 88' lang='lat' dir='ltr'><strong>adhibet</strong></span> <span class='ocrx_word' id='word_1_297' title='bbox 1572 3791 1866 3878; x_wconf 90' lang='lat' dir='ltr'><strong>Choeph.</strong></span> <span class='ocrx_word' id='word_1_298' title='bbox 1913 3793 2064 3855; x_wconf 83' lang='lat'>247:</span> 
     </span>
    </p>
   </div>
   <div class='ocr_carea' id='block_1_5' title="bbox 724 3926 2426 4240">
    <p class='ocr_par' dir='ltr' id='par_1_6' title="bbox 724 3926 2426 4240">
     <span class='ocr_line' id='line_1_38' title="bbox 724 3926 2215 4033; baseline 0.001 -26"><span class='ocrx_word' id='word_1_299' title='bbox 724 3937 892 4008; x_wconf 81' lang='grc' dir='ltr'><em>ἰδοῦ</em></span> <span class='ocrx_word' id='word_1_300' title='bbox 944 3937 1022 4009; x_wconf 82' lang='grc' dir='ltr'><strong>δὲ</strong></span> <span class='ocrx_word' id='word_1_301' title='bbox 1073 3942 1337 4032; x_wconf 78' lang='grc' dir='ltr'><em>γένναν</em></span> <span class='ocrx_word' id='word_1_302' title='bbox 1387 3926 1583 4008; x_wconf 75' lang='grc' dir='ltr'><em>εὖνιν</em></span> <span class='ocrx_word' id='word_1_303' title='bbox 1635 3935 1863 4009; x_wconf 84' lang='grc' dir='ltr'><em>ἀετοῦ</em></span> <span class='ocrx_word' id='word_1_304' title='bbox 1912 3937 2215 4033; x_wconf 87' lang='grc' dir='ltr'><em>πατρὸς,</em></span> 
     </span>
     <span class='ocr_line' id='line_1_39' title="bbox 725 4038 2372 4134; baseline 0.001 -26"><span class='ocrx_word' id='word_1_305' title='bbox 725 4038 1103 4122; x_wconf 87' lang='grc' dir='ltr'><em>θανόντος</em></span> <span class='ocrx_word' id='word_1_306' title='bbox 1153 4039 1229 4111; x_wconf 78' lang='grc' dir='ltr'><em>ἐν</em></span> <span class='ocrx_word' id='word_1_307' title='bbox 1279 4042 1672 4121; x_wconf 66' lang='grc' dir='ltr'><em>πλεκταῖσι,</em></span> <span class='ocrx_word' id='word_1_308' title='bbox 1705 4039 1827 4110; x_wconf 83' lang='grc' dir='ltr'><em>καὶ</em></span> <span class='ocrx_word' id='word_1_309' title='bbox 1882 4039 2372 4134; x_wconf 73' lang='grc' dir='ltr'><em>σπειράμασιν</em></span> 
     </span>
     <span class='ocr_line' id='line_1_40' title="bbox 724 4137 2426 4240; baseline 0.001 -30"><span class='ocrx_word' id='word_1_310' title='bbox 724 4139 958 4233; x_wconf 80' lang='grc' dir='ltr'><em>δεινῆς</em></span> <span class='ocrx_word' id='word_1_311' title='bbox 1009 4140 1307 4233; x_wconf 77' lang='grc' dir='ltr'><em>ἐχίδνης.</em></span> <span class='ocrx_word' id='word_1_312' title='bbox 1365 4139 1539 4222; x_wconf 84' lang='grc' dir='ltr'><em>τους</em></span> <span class='ocrx_word' id='word_1_313' title='bbox 1592 4139 1639 4210; x_wconf 88' lang='grc' dir='ltr'><em>δ</em></span> <span class='ocrx_word' id='word_1_314' title='bbox 1653 4137 1672 4162; x_wconf 79' lang='lat'><strong><em>³</em></strong></span> <span class='ocrx_word' id='word_1_315' title='bbox 1699 4137 2426 4240; x_wconf 77' lang='grc' dir='ltr'><em>ἀπωρφανισμένους</em></span> 
     </span>
    </p>
   </div>
  </div>
 </body>
</html>
