3134 4842
2591 256 2671 320 69

455 425 615 489 656;
683 416 949 510 τοιγὰρ
1005 417 1384 495 ὑποσκίων
1435 415 1512 487 ἐκ
1573 414 1974 505 στομοέτων
2024 415 2403 487 ποτάσθω
2463 416 2756 513 φιλότι-

450 546 605 613 μος
659 516 861 610 εὐχά,
917 523 1207 610 precatio
1273 523 1487 600 volet,¹
1538 546 1627 586 sc.
1686 521 1766 585 ad
1821 522 2101 585 coelum.
2191 522 2409 587 Prom.
2458 524 2609 588 555:
2669 519 2753 589 τὸ

461 621 901 719 διαμφίδιον
930 619 1014 690 δέ
1029 643 1165 707 μοι
1188 620 1418 709 μέλος
1443 622 1837 712 προςέπτα.
1860 661 1946 670 —-—
1969 622 2285 687 Celeritas
2319 624 2515 688 etiam
2546 625 2758 688 decla-

452 741 657 805 ratur,
701 749 903 811 quum
935 723 1387 802 Prometheus,
1426 723 1868 788 Oceanidibus
1902 723 2118 787 subito
2152 724 2233 787 ad
2260 748 2490 810 rupem
2525 748 2755 811 appro-

459 827 954 914 pinquantibus,
1002 849 1237 890 sonum
1283 837 1350 888 et
1390 824 1664 888 odorem
1696 824 1779 887 ad
1810 847 1878 887 se
1913 824 2251 888 advolasse
2282 824 2460 889 dicit.
2533 825 2752 891 Prom.

464 929 614 991 115:
663 928 768 1003 τίς
809 918 998 1012 (ἔχει),
1047 926 1150 1001 τίς
1193 917 1392 1010 ὀδμὰ
1419 923 1791 1011 προςέπτα
1815 916 2291 1018 μὀἷφεγγὴςς
2334 948 2500 990 voce
2532 946 2755 1021 προς-

452 1028 647 1094 έπτα
692 1040 839 1114 apte
876 1026 1220 1091 admiratio
1257 1025 1508 1089 subitae
1551 1038 1620 1089 et
1648 1026 2082 1111 necopinatae
2114 1027 2211 1089 rei
2243 1026 2638 1112 depingitur.
2668 1067 2754 1075 —

456 1129 525 1193 N
531 1153 618 1192 on
648 1127 980 1192 dissimile
1030 1141 1148 1204 est,
1195 1127 1374 1211 quod
1407 1122 1956 1216 προςπέτεσθαι
1987 1126 2297 1190 dicuntur
2327 1127 2749 1204 calamitates,

456 1253 630 1314 quae
699 1229 893 1293 alicui
950 1228 1179 1292 subito.
1228 1239 1294 1290 et
1337 1226 1734 1340 necopinato
1782 1227 2107 1304 accidunt,
2155 1228 2289 1290 avis
2325 1228 2535 1292 'modo
2586 1230 2753 1293 cele·

464 1330 624 1393 riter
676 1329 981 1406 volantis,
1041 1351 1206 1414 quae
1262 1327 1353 1391 ita
1411 1328 1630 1391 subito
1686 1327 1756 1391 in
1803 1341 2230 1414 conspectum
2273 1329 2477 1407 venit,
2525 1343 2597 1393 ut
2641 1352 2754 1393 ne-

457 1431 651 1508 scias,
721 1430 892 1494 unde
959 1429 1201 1492 veniat.
1290 1428 1391 1493 Ita
1450 1427 1528 1492 Io
1598 1428 1677 1491 de
1733 1428 2210 1492 calamitatibus
2258 1429 2391 1493 suis
2439 1430 2505 1492 et
2549 1445 2756 1495 muta-

456 1531 647 1595 tione
702 1530 951 1616 figurae
1019 1530 1237 1593 Prom.
1297 1530 1450 1592 644.
1504 1549 1746 1594 καιτοι
1796 1524 1917 1594 καὶ
1967 1521 2280 1617 Zs'yovo'
2308 1512 2752 1616 αἰσχύνομαι

472 1625 894 1697 θεόσσυτον
935 1631 1274 1716 χειμῶνα
1323 1624 1445 1694 καὶ
1498 1623 1947 1723 διαφθορὰν
1991 1630 2320 1723 μοοφῆς,
2378 1623 2571 1696 ὅθεν
2614 1653 2751 1718 μοι

470 1728 790 1818 σχεθλίᾳ
839 1729 1323 1821 προςέπτατο.
1414 1729 1624 1793 Simul
1668 1753 1770 1807 eo,
1817 1730 1995 1815 quod
2040 1731 2210 1794 mala
2252 1731 2377 1795 sibi
2409 1730 2749 1796 advolasse

465 1833 655 1911 dicit,
719 1832 946 1896 nescio
1015 1855 1097 1894 an
1161 1831 1444 1917 quodam
1501 1831 1701 1895 modo
1751 1854 1819 1894 se
1864 1831 2074 1917 ipsam
2121 1832 2334 1895 omnis
2382 1832 2610 1918 culpae
2656 1833 2752 1896 in-

455 1947 724 1998 asontem
769 1931 1173 2020 profiteatur.
1262 1931 1378 1995 Cfr
1424 1931 1623 2018 Soph.
1670 1931 1779 1995 Ai.
1828 1933 1979 1995 282:
2032 1931 2133 2008 τίς
2175 1926 2322 2021 γάρ
2368 1925 2751 2024 ποτ’ἄρχὴ

466 2036 604 2099 τοῦ
641 2034 879 2099 κακοῦ
919 2033 1403 2124 προςέπτατο.
1491 2031 1648 2095 Eur.
1678 2033 1826 2097 Alc.
1857 2034 2010 2096 420:
2052 2025 2235 2098 κούκ
2262 2030 2488 2129 ἄφνω
2523 2029 2754 2101 κακὸν

464 2129 634 2201 τάδε
684 2133 1170 2223 προςέπτατο.
1215 2172 1300 2182 -
1344 2133 1661 2197 Similiter
1690 2133 1901 2218 caligo
1936 2134 2319 2198 calamitatis
2352 2135 2433 2199 ad
2464 2134 2748 2220 aliquem

453 2237 788 2313 advolare,
833 2235 875 2298 i.
923 2222 979 2299 e.
1027 2234 1246 2299 subito
1293 2234 1639 2321 pervenire
1686 2234 1944 2298 dicitur.
2032 2234 2210 2299 Pers.
2258 2237 2411 2300 669:
2455 2231 2760 2324 Στυγία

465 2330 607 2424 γάρ
686 2358 793 2412 τις
866 2328 991 2402 ἐπ’
1019 2327 1249 2423 ἀχλὺς
1319 2328 1761 2401 πεπόταται.
1866 2335 2059 2398 Eum.
2127 2338 2277 2400 378:
2358 2343 2566 2403 τοῖον
2639 2331 2754 2404 ἐπὶ

463 2437 737 2529 κνέφας
815 2428 1029 2525 ἀνδρὶ
1095 2429 1337 2523 μύσος
1408 2430 1843 2501 πεπόταται.
1913 2474 1998 2483 -
2060 2436 2360 2500 Eandem
2418 2438 2755 2502 advolandi

466 2537 934 2624 metaphoram,
981 2561 1176 2623 quam
1223 2537 1304 2601 de
1350 2537 1713 2623 repentinis
1758 2536 1946 2599 malis
1990 2536 2145 2600 satis
2175 2538 2514 2623 vulgarem
2543 2538 2747 2602 fuisse

459 2639 790 2725 exempla,
846 2661 1009 2724 quae
1070 2661 1265 2724 supra
1321 2637 1528 2712 attuli,
1578 2636 1954 2715 ostendunt,
2000 2638 2268 2701 subesse
2312 2652 2473 2724 puto
2521 2639 2750 2725 Suppl.

460 2741 615 2803 328:
663 2731 873 2806 αἰόλ’
898 2731 1346 2830 ἀνθρώπων
1385 2732 1601 2803 κακά.
1653 2730 1895 2804 πόνου
1938 2733 1987 2803 δ
1999 2730 2019 2754 '
2047 2731 2229 2814 ἴδοις
2272 2734 2366 2804 ἄν
2408 2730 2753 2824 οὐδαμοῦ

469 2832 744 2906 ταύτὸν
791 2832 1086 2930 πτερόν.
1141 2832 1437 2928 πτερόν,
1505 2839 1770 2925 proprie
1826 2838 1946 2915 ala,
2003 2837 2111 2902 hic
2157 2839 2524 2925 significare
2570 2839 2750 2904 vide-

460 2954 596 3004 tur:
645 2943 860 3006 modus
903 2941 1255 3016 advolandz‘,
1302 2940 1344 3002 i.
1393 2963 1448 3003 e.
1493 2940 1693 3004 subito
1736 2940 2120 3015 adveniendi,
2163 2954 2238 3004 ut
2280 2939 2443 3004 haec
2490 2941 2575 3005 sit
2605 2964 2749 3019 sen·

454 3042 697 3106 tentia:
764 3045 943 3106 varia
987 3053 1130 3105 sunt
1170 3042 1487 3105 hominum
1530 3041 1728 3112 Μαίας
1789 3063 2101 3125 nusquam
2142 3042 2304 3105 enim
2345 3042 2748 3106 calamitatem

459 3145 666 3206 eodem
729 3145 909 3207 modo
961 3146 1248 3227 inm-uere
1291 3144 1514 3204 videas.
1605 3141 1966 3226 Plerosque
2008 3141 2405 3228 interpretes
2449 3135 2747 3233 πτερόν,

450 3243 618 3328 quia
679 3240 907 3308 volatu
960 3243 1177 3307 avium
1222 3242 1355 3306 fata
1401 3242 1711 3328 portendi
1756 3242 2308 3320 existimarentur,
2354 3245 2577 3322 fatum,
2623 3247 2749 3307 exi-

454 3355 592 3408 tum
634 3344 1022 3430 exposuisse
1088 3344 1306 3407 video,
1408 3341 1588 3421 Quae
1636 3342 1993 3428 explicatio
2039 3342 2202 3405 mihi
2248 3343 2463 3406 minus
2510 3344 2743 3430 placet,

454 3467 663 3529 quum
710 3458 777 3508 et
820 3445 1186 3508 sententiae
1232 3443 1365 3507 loci
1409 3467 1640 3530 parum
1685 3442 2061 3529 prospiciat,
2110 3466 2274 3528 quae
2320 3445 2630 3530 postulat,
2675 3459 2750 3508 ut

459 3545 603 3631 ipsa
656 3545 822 3609 ratio
879 3557 946 3610 et
989 3545 1173 3630 quasi
1218 3542 1431 3607 forma
1472 3543 1813 3621 malorum,
1858 3567 1992 3606 non
2040 3544 2257 3607 exitus
2304 3567 2532 3608 eorum
2578 3545 2747 3609 indi-

452 3659 663 3723 cetur,
723 3658 790 3709 et
843 3646 992 3710 talis
1037 3645 1221 3709 vocis
1267 3638 1543 3728 πτερόν
1588 3643 1981 3731 significatio
2028 3644 2211 3708 nullo
2258 3645 2386 3708 alio
2433 3647 2743 3733 exemplo

454 3745 904 3810 confirmetur.
959 3784 1045 3794 —
1096 3745 1438 3809 Interdum
1482 3769 1607 3823 reS,
1656 3767 1818 3830 quae
1866 3745 2169 3808 celeriter
2212 3760 2582 3823 moventur,
2630 3747 2746 3811 alis

456 3847 814 3912 instructae
884 3847 1315 3934 appellantur.
1437 3846 1539 3910 Ita
1603 3845 1772 3909 nihil
1834 3845 1964 3909 nisi
2030 3845 2330 3911 celeritas
2397 3847 2744 3924 indicatur,

450 3971 661 4034 quum
706 3948 1137 4011 Prometheus
1180 3960 1438 4026 ventOS,
1484 3946 1614 4067 qui
1643 3969 1874 4032 rupem
1921 3945 2469 4026 circumvolitant,
2526 3966 2750 4034 ταχυ-

448 4048 771 4140 πτέρους
820 4061 1032 4113 vocat.
1121 4048 1339 4112 Prom.
1386 4049 1498 4113 88:
1548 4030 1614 4111 ω
1658 4041 1815 4123 δῖος
1857 4040 2094 4136 αἰθὴρ
2138 4043 2260 4114 καὶ
2302 4041 2743 4139 ταχύπτεροι

448 4150 701 4217 πνοαί.
787 4148 956 4212 Nam
1003 4149 1084 4212 de
1128 4149 1301 4212 veris
1346 4148 1485 4226 alis,
1531 4147 1770 4234 quibus
1814 4148 2170 4213 instructos
2202 4149 2364 4213 deos
2394 4162 2743 4213 ventorum

451 4274 652 4338 saepe
717 4251 796 4316 ab
866 4248 1222 4313 artificibus
1289 4249 1531 4314 Atticis
1597 4248 1788 4314 fictos
1855 4273 1998 4314 esse
2064 4250 2385 4328 videmus,
2440 4248 2550 4315 hic
2608 4274 2743 4314 non
