3134 4842
519 172 602 238 80

438 339 847 426 puniendum
913 338 1137 403 mittit.
1247 337 1403 402 Sine
1471 338 1675 404 dubio
1731 339 2104 404 imitatione
2158 339 2488 426 expressit
2530 339 2734 403 Hom.

374 518 383 525 „
441 440 562 505 od.
611 441 710 516 16,
757 441 909 503 216:

638 588 899 657 κλαῖον
949 584 1028 656 δὲ
1077 587 1366 678 λιγέως,
1420 582 1877 680 ἀδινώτερον
1928 585 1975 678 ἤ
2027 610 2072 655 τ
2084 581 2415 675 ὀἰωνοιζ

642 693 873 810 φῆναι
927 684 972 779 ἢ
1027 685 1357 779 αἰγυπιοὶ
1407 683 1931 779 γαιιψσόνυχες,
1986 679 2143 757 οισί
2186 711 2262 756 τε
2315 688 2528 757 τέκνα

641 784 964 884 αγρόται
1020 786 1380 871 εξείλοντο
1433 785 1677 880 πάρος
1724 785 2037 878 πετεηνὰ
2090 788 2465 880 γενέσθαι.
2545 809 2551 814 ·

558 938 635 1027 ξ
683 946 781 1007 14.
871 943 1305 1006 Transeamus
1351 966 1526 1006 nunc
1574 943 1651 1005 ad
1695 942 2016 1028 imagines
2060 943 2183 1007 ab
2167 943 2247 1007 118
2279 943 2529 1021 bestiis,
2563 946 2761 1028 quae'

438 1046 797 1108 mammalia
844 1057 1181 1121 vocantur,
1227 1056 1539 1129 sumptae.

610 1179 884 1242 Perseus
932 1201 1081 1241 cum
1125 1199 1279 1263 apro
1326 1190 1741 1262 comparatur
1781 1177 1890 1240 Fr.
1924 1178 2073 1241 252:
2120 1172 2244 1244 ἔδυ
2271 1173 2320 1244 δ
2330 1169 2428 1254 ’ἐς
2452 1173 2735 1266 ἄντρον
2785 1166 2792 1172 ’

438 1271 868 1367 ἀσχέδωρος
931 1272 1056 1354 ὥς.
1131 1270 1558 1365 ἀσχέδωρος
1612 1277 1902 1341 Siculum
1949 1278 2341 1342 vocabulum
2391 1293 2518 1356 est;
2572 1279 2732 1343 talia

439 1379 867 1465 Aeschylum,
915 1379 1027 1464 qui
1072 1379 1185 1442 diu
1228 1379 1298 1441 in
1347 1377 1572 1442 Sicilia
1612 1389 1906 1442 versatus
1955 1392 2109 1456 erat,
2152 1401 2346 1465 saepe
2378 1403 2731 1465 usurpasse

441 1492 667 1544 auctor
732 1493 833 1544 est
896 1478 1281 1543 Athenaeus
1338 1481 1396 1557 9,
1454 1502 1518 1564 p.
1577 1480 1732 1542 402:
1802 1472 1918 1544 ὅτι
1990 1474 2068 1545 δὲ
2138 1474 2519 1566 Αἰσχύλος
2569 1475 2727 1546 δια-

441 1583 710 1669 τρίψας
770 1577 845 1647 ἐν
894 1575 1206 1666 Σικελίᾳ
1255 1578 1570 1655 πολλαῖς
1617 1579 1957 1671 κέχρηται
2015 1586 2305 1674 φωναῖς
2354 1575 2734 1656 Σικελιαῖς

439 1674 657 1749 οὐδὲν
714 1674 1186 1765 θαυμαστόν.

607 1820 636 1901 ξ
683 1819 781 1881 15.
867 1815 1085 1900 Lepus
1148 1814 1218 1877 in
1284 1813 1681 1899 imaginibus
1749 1828 1816 1878 et
1867 1814 2288 1878 timiditatem
2347 1827 2414 1878 et
2454 1815 2732 1879 infirmi-

438 1931 640 1981 tatem
709 1919 871 2002 ejus,
938 1917 1050 2000 qui
1107 1938 1175 1978 se
1230 1914 1373 2000 ipse
1431 1914 1508 1977 ab
1575 1914 1876 1980 hostibus
1924 1915 2281 1979 defendere
2333 1939 2468 1978 non
2514 1916 2730 2002 possit

435 2019 658 2103 itaque
703 2018 899 2081 facile
946 2028 1238 2091 necetur,
1285 2013 1655 2101 significare
1704 2015 1891 2079 solet.
1981 2015 2192 2093 Quare
2225 2016 2730 2101 proverbialiter

436 2117 608 2200 βίον
679 2112 895 2206 λαγώ
970 2115 1096 2202 ζῆν
1170 2116 1249 2178 (16
1316 2115 1396 2178 118
1465 2115 1822 2193 dicebatur,
1892 2118 2002 2201 qui
2059 2117 2365 2180 miseram
2409 2118 2609 2181 vitam
2655 2117 2726 2180 in

437 2232 761 2305 perpetuo
808 2218 1035 2281 mortis
1080 2215 1377 2301 periculo
1425 2215 1787 2301 degebant3
1832 2217 1984 2280 vide
2030 2218 2220 2281 Dem.
2268 2219 2367 2295 18,
2400 2219 2541 2281 263.
2611 2217 2734 2282 Cfr

439 2320 634 2383 etiam
706 2319 782 2382 Il.
852 2321 950 2395 10,
1008 2319 1163 2393 3613
1211 2318 1310 2393 22,
1355 2317 1508 2392 3103
1556 2317 1655 2394 17,
1702 2319 1843 2396 676,
1891 2318 2126 2404 quibus
2172 2318 2241 2381 in
2286 2318 2451 2382 locis
2495 2319 2588 2382 ita
2631 2319 2730 2381 in·

439 2420 700 2484 ducitur
761 2416 972 2505 lepus,
1039 2431 1113 2481 ut
1178 2441 1328 2480 eum
1396 2416 1576 2480 aliud
1641 2418 1883 2481 animal
1934 2432 2382 2505 persequatur.
2469 2418 2726 2483 Eodem

439 2522 638 2585 modo
684 2520 1083 2584 infirmitatis
1127 2519 1348 2604 imago
1395 2530 1496 2582 est
1538 2517 1732 2582 Eum.
1780 2521 1891 2583 26:
1925 2516 2151 2606 ,λαγώ
2199 2516 2401 2606 δίκην
2443 2516 2742 2585 Πενθεῖ

435 2617 929 2712 καταρράψας
973 2615 1244 2712 μόρον.
1332 2617 1628 2682 Bacchus
1683 2619 1980 2684 Pentheo
2024 2621 2118 2683 ita
2159 2633 2441 2684 mortem
2488 2621 2726 2697 attulit,

439 2735 511 2786 ut
573 2723 789 2809 lepori
855 2727 971 2800 (86.
1038 2725 1361 2800 venator),
1428 2719 1469 2782 i.
1539 2743 1595 2782 e.
1654 2719 1763 2797 ita,
1819 2733 1892 2784 ut
1933 2720 2045 2784 ille
2092 2744 2229 2784 non
2276 2722 2482 2806 magis
2530 2744 2722 2806 quam

435 2823 625 2909 lepus
671 2824 975 2887 resistere
1021 2834 1274 2908 posset3
1322 2843 1452 2904 quo
1498 2833 1790 2905 potestas
1824 2821 1950 2899 dei,
1984 2821 2296 2885 adversus
2327 2845 2518 2906 quam
2548 2822 2730 2885 vires

436 2924 726 2987 hominis
773 2946 1038 3010 prorsus
1083 2921 1252 2985 nihil
1294 2920 1537 2998 valent,
1586 2920 2010 3006 significatur.
2053 2961 2140 2970 —
2181 2921 2411 3005 πτῶξ,
2457 2922 2724 3008 proprie

432 3027 757 3110 fuyitivm,
823 3024 1025 3108 vulgo
1091 3044 1338 3085 nomen
1403 3019 1651 3107 leporis
1719 3035 1849 3098 est3
1903 3023 2055 3086 vide
2111 3022 2188 3086 Il.
2237 3025 2337 3101 17,
2383 3024 2523 3086 676
2614 3023 2728 3086 Ad

439 3124 739 3190 Orestem
783 3123 1175 3189 transfertur
1216 3121 1408 3184 Eum.
1455 3122 1598 3197 325,
1644 3123 1758 3187 ubi
1787 3122 2025 3186 Furiae
2060 3118 2393 3188 (11611111,εὸ
2423 3118 2728 3199 Λατοῦς

436 3246 583 3315 γαρ
636 3214 770 3302 ῗνις
806 3217 904 3308 μ’
930 3221 1202 3309 ἄτιμον
1248 3217 1543 3307 τίθησιν
1588 3216 1805 3289 τόνδ’
1832 3216 2397 3318 αφαιρούμενος
2437 3244 2721 3290 πτωκα.

441 3325 649 3412 Supla
708 3324 1140 3390 animadverti
1202 3346 1322 3410 per
1385 3334 1590 3385 totam
1653 3323 1820 3387 hanc
1884 3326 2286 3410 tragoediam
2357 3325 2436 3388 de
2504 3323 2724 3388 Furiis

439 3425 740 3491 Orestem
793 3426 1191 3513 agitantibus
1234 3424 1327 3487 ita
1370 3422 1520 3501 dici,
1566 3435 1899 3510 tamquam
1944 3426 2024 3489 de
2072 3426 2338 3489 canibus
2389 3423 2726 3500 venaticis,

438 3527 548 3612 qui
593 3528 799 3591 feram
843 3539 1346 3614 persequuntur.

606 3665 635 3746 ξ
681 3663 779 3725 16.
829 3661 1066 3747 Caprae
1097 3658 1302 3723 semel
1332 3657 1408 3721 fit
1434 3658 1686 3721 mentio
1717 3662 1845 3746 Ag.
1880 3662 2033 3725 232:
2068 3654 2358 3754 φράσεν
2387 3651 2726 3734 δ’ἆόζοις

435 3757 678 3852 πατὴρ
747 3755 925 3849 μετ’
954 3754 1177 3849 εὐχὰν
1249 3755 1456 3824 δίκαν
1516 3760 1872 3849 χιμαίρας
1945 3755 2229 3850 ὕπερθε
2300 3758 2579 3841 βωμοῦ
2638 3797 2726 3806 --

436 3865 802 3953 προνωπῆ
844 3861 1103 3942 λαβεῖν
1145 3853 1440 3949 ἀέρδην.
1517 3859 1894 3925 Similitudo
1930 3863 2000 3926 in
2034 3885 2111 3925 eo
2143 3861 2362 3948 posita
2394 3874 2511 3939 est,
2546 3859 2718 3945 quod

437 3964 720 4029 ministri
783 3963 1196 4050 Iphigeniam
1267 3984 1461 4047 supra
1515 3984 1690 4024 aram
1745 3963 1978 4027 tollere
2016 3963 2354 4047 jubentur,
2397 3974 2472 4025 ut
2515 3983 2730 4047 prona

439 4065 549 4142 sit3
596 4065 773 4150 quod
817 4065 886 4127 in
932 4063 1167 4128 hostiis
1211 4061 1631 4125 immolandis
1675 4062 1820 4126 fieri
1862 4063 2130 4127 solitum
2176 4086 2318 4127 esse
2366 4062 2564 4126 docet
2599 4059 2726 4124 Od.

438 4167 497 4243 3,
541 4167 684 4230 453.
796 4165 1005 4230 Simul
1060 4164 1129 4227 in
1184 4162 1305 4226 hac
1348 4161 1609 4248 puellae
1657 4187 1805 4227 cum
1850 4162 2068 4228 hostia
2112 4164 2599 4250 comparatione
2646 4184 2726 4224 ea
