3134 4842
2585 220 2662 284 71

464 386 786 472 scriptura
828 385 1302 450 nonnullorum
1346 386 1664 451 librorum
1713 397 1780 448 et
1823 384 2231 462 scholiastae,
2262 388 2374 471 qui
2407 386 2754 473 adscripsit

465 482 638 563 τοὺς
689 479 1008 563 ὀϊστούς.
1099 487 1227 565 Qui
1281 487 1640 551 lectionem
1688 485 1849 549 Cod.
1896 487 2073 550 Med.
2117 479 2413 575 πετρῶν
2462 499 2752 564 tuentur,

464 588 618 653 satis
665 589 743 652 ab
788 589 1175 652 Hermanno
1219 587 1489 651 refutati
1534 599 1706 665 sunt,
1754 588 1866 672 qui
1910 600 2137 651 monet
2175 589 2412 651 mirum
2446 601 2513 652 et
2540 611 2752 674 paene

466 689 784 754 absonum
818 712 961 752 esse
996 702 1253 770 scutum
1286 688 1417 752 dici
1444 700 1743 752 tutamen
1775 688 2089 751 adversus
2121 689 2447 772 ejusmodi
2469 689 2755 753 telorum

464 813 694 877 genuS,
743 812 873 875 quo
920 813 1056 853 non
1108 790 1188 852 de
1230 812 1431 866 more,
1472 789 1590 852 sed
1626 789 1831 852 rarius
1872 800 1940 851 et
1980 812 2128 853 casu
2172 791 2275 852 usi
2318 790 2468 853 sint.
2548 790 2755 853 Aliud

465 890 843 976 exemplum
894 904 995 954 est
1036 890 1194 953 Eur.
1241 890 1392 952 Hel.
1440 892 1548 953 76:
1600 881 2148 976 τῷὸἐῦστόχῳ
2201 892 2472 979 πτερῷ.

637 991 853 1068 Quum
922 991 1139 1053 avium
1196 991 1533 1078 proprium
1584 990 1671 1054 sit
1713 989 1843 1053 huc
1885 990 2044 1054 illuc
2092 990 2639 1067 circumvolitare,
2686 1004 2761 1053 ut

466 1091 666 1155 modo
722 1115 808 1154 ex
852 1104 1215 1177 conspectu
1261 1091 1516 1167 abeant,
1563 1091 1763 1156 modo
1808 1115 2029 1154 rursus
2078 1104 2515 1178 compareant,
2562 1090 2758 1154 facile

466 1191 880 1278 intelligitur,
925 1215 1121 1277 quare
1153 1188 1542 1257 ποτᾶσθαι
1576 1192 1655 1255 ad
1689 1214 1918 1255 sensus
1949 1191 2058 1254 vel
2090 1192 2525 1278 cogitationes
2556 1204 2761 1255 trans-

470 1292 735 1370 feratur,
762 1316 926 1377 quae
954 1293 1174 1355 animo
1200 1292 1586 1377 frequenter
1610 1293 2043 1356 obversantur
2067 1305 2133 1356 et
2154 1293 2520 1356 identidem
2544 1316 2760 1356 recur-

468 1406 650 1469 runt3
696 1406 771 1457 ut
813 1416 937 1456 nos
982 1393 1416 1457 translatione
1462 1416 1600 1457 non
1647 1391 1928 1456 multum
1959 1393 2265 1457 dissimili
2296 1394 2530 1457 eodem
2565 1383 2790 1456 sensu'

468 1494 753 1570 »svafva,
808 1493 1218 1557 foresvafva»
1265 1494 1562 1558 dicimus.
1651 1493 1753 1557 Ita
1797 1494 1876 1557 de
1926 1495 2203 1558 obscura
2244 1493 2359 1557 illa
2405 1507 2471 1557 et
2513 1494 2767 1557 incerta

470 1594 629 1658 mali
684 1594 892 1657 futuri
946 1595 1436 1680 praesensione,
1484 1617 1613 1679 qua
1657 1595 1740 1658 ob
1785 1594 2201 1680 Iphigeniam
2245 1594 2651 1658 immolatam
2698 1607 2766 1656 et

472 1695 784 1757 vaticinia
851 1693 1224 1758 Calchantis
1293 1718 1361 1757 se
1445 1717 1796 1781 oppressos
1879 1695 2174 1758 sentiunt
2249 1718 2438 1758 senes
2506 1693 2764 1780 Argivi,

473 1797 604 1880 Ag.
673 1795 826 1858 975:
894 1796 1096 1861 τίπτε
1163 1814 1299 1876 μοι
1365 1788 1539 1887 τόδ’
1566 1790 1897 1877 ἐμπέδως
1947 1792 2162 1877 δεῖμα
2212 1789 2768 1883 προστατήριον

471 1891 777 1984 καρδίας
858 1891 1324 1984 τερασκόπου
1406 1898 1753 1963 ποτᾶται.
1874 1897 2192 1960 Similiter
2266 1895 2561 1982 Choeph·.
2603 1897 2768 1958 „390

475 1996 772 2074 ancillae,
839 2009 1188 2082 postquam
1259 2011 1674 2083 optaverunt,
1741 2008 1816 2060 ut
1871 1997 1996 2062 sibi
2042 1997 2476 2082 contingeret,
2522 2009 2597 2059 ut
2637 1994 2768 2058 lae-

470 2111 610 2161 tum
680 2096 1032 2160 clamorem
1100 2099 1183 2161 ob
1252 2097 1652 2184 Aegisthum
1720 2111 1787 2162 et
1857 2097 2445 2183 Clytaemnestram
2516 2096 2767 2160 occisos

471 2197 803 2275 tollerent,
873 2198 1276 2263 exclamant:
1346 2198 1423 2265 τί
1479 2193 1625 2286 γὰρ
1678 2192 1937 2264 κεύθω
1995 2193 2272 2292 φρενὸς
2323 2190 2488 2264 οἷον
2539 2197 2773 2283 ἔμπας

469 2318 571 2365 πο
585 2300 829 2380 τᾶται,·
899 2323 1048 2363 nam
1111 2301 1264 2385 quid
1326 2301 1506 2365 celem
1573 2302 1739 2385 quod
1801 2303 2011 2385 utique
2075 2322 2313 2386 semper
2377 2303 2584 2363 animo
2640 2321 2769 2362 meo

471 2397 861 2463 obversatur?

645 2499 1019 2563 Tritissima
1082 2512 1183 2562 est
1237 2498 1640 2585 metaphora,
1707 2523 1837 2585 qua
1890 2501 1959 2578 ii,
2008 2523 2283 2585 quorum
2332 2501 2533 2564 animi
2577 2500 2773 2563 vehe-

479 2613 752 2677 menter,
824 2600 1207 2687 praesertim
1256 2600 1519 2684 gaudi0,
1566 2614 1935 2678 moventur,
1994 2624 2244 2664 sursum
2273 2603 2465 2687 ferri,
2510 2600 2638 2664 tolli
2680 2601 2774 2664 di-

480 2713 744 2776 cuntur;
791 2701 898 2764 cui
943 2713 1294 2787 cognatum
1337 2714 1456 2777 est,
1490 2704 1666 2785 quod
1696 2702 2051 2778 interdum,
2085 2724 2284 2786 quum
2316 2693 2774 2765 vehementior

479 2801 713 2885 aliquis
782 2801 1109 2885 ejusmodi
1176 2801 1377 2863 animi
1442 2814 1663 2865 motus
1731 2814 1831 2865 est
1893 2801 2306 2878 indicandus,
2361 2803 2579 2886 imago
2637 2802 2772 2864 avis

477 2903 765 2966 evolantis
830 2901 1196 2965 adhibetur.
1291 2901 1394 2965 Ita
1448 2904 1654 2967 verbo
1701 2895 2339 2993 ἄναπτεροῦσθαι,
2396 2904 2582 2986 cujus
2627 2925 2773 2988 pro-

475 3003 656 3089 prius
724 3026 952 3066 sensus
1020 3015 1121 3066 est
1176 3002 1294 3065 alis
1346 3006 1576 3067 instrui
1615 3004 1723 3067 vel
1768 3004 1885 3068 alis
1926 3026 1989 3068 se
2032 3004 2246 3076 levare,
2290 3003 2461 3066 laeta
2504 3001 2619 3065 illa
2662 3025 2774 3065 ex-

478 3103 800 3189 spectatio
870 3102 1254 3180 declaratur,
1313 3126 1507 3188 quam
1551 3104 1622 3167 in
1666 3104 1931 3169 Electra
1975 3105 2269 3168 excitant
2310 3103 2451 3167 visa
2494 3102 2776 3189 vestigia
2821 3099 2826 3108 ’

477 3204 717 3281 fratris,
750 3203 1046 3290 Choeph.
1079 3205 1231 3267 229:
1270 3199 1830 3289 ἰχνοσκοποῦσά
1857 3197 1924 3270 τ’
1930 3199 2006 3271 ἐν
2038 3202 2354 3286 στίβοισι
2394 3210 2547 3279 τοῖς
2575 3197 2777 3289 ἐμοῖς

479 3305 754 3391 σαυτῆς
802 3296 1148 3397 αδελφοῦ
1201 3303 1629 3395 συμμέτρου
1675 3308 1782 3392 τῷ
1827 3308 1937 3393 σιῦ
1976 3300 2194 3396 κάρᾳ,
2241 3298 2777 3394 ανεπτερώθης

473 3398 810 3481 καδόκεις
844 3399 1039 3493 ὁραν
1074 3399 1219 3489 ἐμέ.
1309 3405 1504 3470 Conf.
1542 3406 1653 3470 Ai.
1686 3408 1839 3471 693;
1884 3400 2285 3494 περιχαρὴς
2316 3398 2772 3490 ανεπτοὶμαι.

479 3505 640 3570 Oed.
708 3506 784 3570 R.
850 3507 1004 3570 487.
1070 3507 1387 3587 πέτομαι
1451 3499 1533 3573 δ’
1560 3502 1863 3574 ἕλπιᾝσιν
1972 3509 2133 3571 Ant.
2193 3509 2386 3571 1307:
2454 3499 2777 3572 ανέπταν

479 3601 735 3699 φόβῳ.
825 3606 1051 3692 Apoll.
1096 3606 1307 3670 Rhod.
1355 3609 1414 3684 3,
1473 3609 1625 3673 784:
1694 3601 2063 3675 ανέπτατο
2107 3628 2442 3696 χαρματι
2498 3601 2773 3691 θυμός.

481 3707 691 3772 Simul
734 3708 850 3772 illa
891 3730 1076 3783 voce,
1124 3707 1254 3770 nisi
1297 3706 1512 3786 fallor,
1556 3722 1633 3772 ut
1675 3733 1916 3772 vanum
1959 3721 2027 3772 et
2055 3709 2473 3772 temerarium
2508 3708 2775 3771 denota-

477 3821 586 3871 tur
639 3808 953 3894 gaudium
1018 3808 1205 3884 illud,
1263 3808 1521 3873 levibus
1566 3809 1944 3896 nulliusque
1991 3810 2314 3873 momenti
2358 3809 2552 3874 rebus
2599 3808 2776 3871 exci—

476 3920 707 3987 tatum,
755 3909 932 3993 quod
979 3908 1339 3995 opponitur
1383 3909 1801 3988 dubitationi,
1841 3933 2033 3996 quam
2073 3909 2337 3974 fratrem
2371 3909 2588 3995 ipsum
2621 3932 2776 3971 con-

481 4009 767 4095 spiciens
838 4010 1147 4073 ostendit.
1265 4010 1553 4074 Levitati
1622 4012 1823 4075 animi
1889 3997 2281 4075 indicandae
2348 4009 2567 4096 imago
2636 4009 2774 4072 avis

479 4132 674 4195 saepe
719 4110 1025 4187 inservit3
1084 4111 1263 4196 quod
1308 4134 1499 4196 quam
1548 4111 1935 4197 frequenter
1978 4112 2152 4199 apud
2194 4110 2479 4196 tragicos
2525 4109 2773 4174 factum

479 4210 584 4290 sit,
629 4210 956 4296 exempla,
1002 4233 1167 4295 quae
1213 4211 1459 4299 Hoppe
1502 4236 1569 4299 p.
1616 4214 1694 4277 19
1741 4213 2032 4300 collegit,
2079 4212 2234 4276 satis
2282 4210 2660 4275 ostendunt.
2690 4249 2776 4258 —
