3134 4842
530 189 609 253 78

442 346 526 421 δ’
553 348 992 443 ἐπτοημένοι
1037 354 1336 449 φρένας,
1381 356 1618 445 κίρκοι
1652 356 1970 424 πελειῶν
1999 348 2090 423 οὗ
2116 353 2418 449 μακρὰν
2450 354 2741 445 λελειμ-

436 455 674 621 μὸιένοῖ,
769 449 1025 544 ἥξουσι
1122 450 1575 549 θηρεύοντες
1668 451 1759 524 οὐ
1836 451 2327 551 ’θηρασιζιιους
2418 451 2736 547 γάμους.

492 580 627 644 upp
660 607 673 620 .
721 559 871 621 223;

796 685 872 757 έν
921 686 1134 780 ἁγνῷ
1186 685 1267 758 δ’
1272 687 1495 781 ἑσμὸς
1549 689 1653 771 οὖς
1701 687 2113 760 πελειάδων

641 788 890 868 ῑζεσθε
939 793 1212 882 κίρκων
1265 814 1418 860 των
1469 776 1916 885 ὁμοπτέρων
1969 788 2200 889 φόβῳ

644 887 951 985 ἐχθρων
1003 889 1355 979 ὁμαίμων
1403 892 1527 961 καὶ
1571 890 2033 983 μιαινόντων
2085 894 2317 984 γένος.

646 989 990 1115 ὄρνιθοης
1014 991 1218 1088 ὄρνις
1267 1016 1432 1072 πως
1480 991 1574 1063 ἂν
1625 991 1933 1087 ἁγνεύοι
1983 991 2293 1096 φαγών3

641 1096 804 1170 πῶς
856 1087 936 1160 δ’
943 1090 1035 1161 ἂν
1086 1117 1356 1184 γαμων
1406 1093 1740 1165 ἄκουσαν
1789 1095 2106 1174 ἄκοντος
2154 1088 2441 1187 πατρὸς

642 1189 872 1283 ἁγνὸς
922 1191 1207 1285 γένοιτ’
1261 1217 1392 1280 αν,

441 1331 901 1417 Aegyptiadae
969 1332 1423 1418 significantur
1488 1334 1707 1412 etiam,
1775 1357 1975 1420 quum
2052 1332 2385 1396 Danaides
2443 1354 2510 1395 se
2581 1353 2729 1395 cum

440 1431 722 1496 luscinia
787 1434 864 1497 ab
934 1433 1242 1520 accipitre
1311 1435 1550 1521 agitata
1620 1446 2004 1521 comparant
2050 1433 2276 1520 Suppl.
2324 1434 2432 1497 62:
2487 1452 2732 1520 κιρκη-

441 1526 672 1609 idrag
721 1525 1061 1619 ἀηδόνος.
1152 1534 1473 1599 Columba
1519 1546 2072 1631 commemoratur
2115 1535 2311 1598 etiam
2360 1534 2538 1619 Sept.
2577 1534 2728 1609 2943

438 1632 593 1697 vide
690 1685 703 1697 .
749 1636 849 1698 65.

556 1658 1041 1899 &Cum
1086 1738 1318 1822 aquila,
1362 1736 1777 1802 nobilissima
1806 1750 1874 1800 et
1902 1735 2262 1800 fortissima
2291 1735 2529 1812 avium,
2563 1756 2726 1819 quae

438 1834 487 1899 J
492 1836 631 1899 ovis
778 1837 1011 1900 1nistra
1084 1850 1151 1901 et
1215 1837 1476 1901 satelles
1543 1837 1926 1914 habebatur,
1992 1859 2181 1922 reges
2250 1848 2727 1922 comparantur.

439 1936 659 2000 Etiam
725 1938 795 2000 in
864 1938 1153 2023 auguriis
1222 1939 1474 2022 aquilae
1530 1939 1710 2002 visae
1756 1961 1944 2023 reges
1993 1936 2362 2023 significare
2408 1936 2727 2011 solebant,

439 2050 515 2101 ut
557 2038 686 2123 Ag.
735 2039 855 2100 112
901 2060 1082 2123 sequ.
1130 2039 1418 2117 Atridas,
1464 2038 1643 2102 Pers.
1692 2039 1813 2101 205
1859 2038 2152 2101 Xerxen.
2243 2035 2540 2123 Choeph.
2573 2038 2728 2101 247:

746 2166 914 2236 ἰδοῦ
965 2166 1044 2239 δὲ
1094 2171 1356 2261 γένναν
1410 2156 1605 2237 εὖνιν
1655 2165 1884 2238 ἀετοῦ
1933 2165 2239 2261 πατρὸς,

747 2265 1123 2349 θανόντος
1174 2267 1249 2340 έν
1297 2270 1675 2340 πλεκταῖσι
1725 2269 1848 2339 καὶ
1900 2290 2393 2364 σπειραμασιν

744 2368 979 2461 δεινῆς
1030 2367 1329 2462 έχῖὁνης.
1387 2368 1561 2451 τοὺς
1613 2366 1695 2441 ‹5’
1722 2367 2452 2494 απωρφανισμένους

742 2475 987 2561 νῆστις
1035 2474 1253 2552 πιέζει
1304 2468 1543 2560 λιμός·
1600 2467 1691 2541 οὗ
1746 2471 1892 2565 γαρ
1947 2469 2233 2562 ἐντελὴς

747 2563 997 2693 θήραν
1045 2570 1407 2665 πατρωαν
1456 2576 1904 2695 προςφέρειν
1957 2570 2428 2663 σκηνήμασιν.

741 2669 944 2742 ου’τω
1000 2672 1078 2743 δε
1129 2699 1317 2762 καιιε
1369 2671 1583 2766 τήνδε
1636 2670 1715 2743 τ’
1716 2726 1740 2762 ,
1780 2669 2187 2768 Ἠλέκτραν
2236 2674 2461 2765 λέγω,

739 2773 916 2843 ἰδεῖν
967 2797 1277 2870 παρεστι
1331 2796 1473 2863 σοι,
1527 2779 2001 2870 πατροστερῆ
2052 2771 2306 2867 γόνον.

438 2909 704 2995 Aquila,
772 2912 958 2996 cujus
1024 2913 1191 2998 pulli
1256 2912 1520 2977 Orestes
1589 2926 1657 2977 et
1707 2913 1973 2977 Electra
2027 2913 2353 2990 dicuntur,
2410 2925 2511 2975 est
2554 2913 2730 2998 Aga-

438 3034 726 3089 memnO,
794 3026 985 3075 atrox
1047 3013 1293 3099 vipera,
1362 3015 1548 3098 cujus
1604 3014 1673 3078 in
1720 3014 1911 3100 spiris
1957 3013 2072 3077 illa
2114 3027 2370 3077 mortua
2415 3026 2534 3090 est,
2581 3011 2731 3098 Cly-

435 3125 852 3176 taemnestra.
963 3112 1178 3190 Quum
1256 3114 1419 3179 haec
1486 3114 1850 3179 similitudo
1920 3128 2068 3177 ante
2136 3127 2428 3177 mentem
2493 3126 2727 3199 poetae

434 3226 751 3292 versetur,
816 3214 1012 3298 paulo
1068 3214 1241 3277 infra
1285 3240 1345 3279 v.
1393 3217 1523 3279 256·
1558 3215 1803 3279 liberos
1862 3214 2385 3302 Agamemnonis
2443 3214 2731 3300 appellat

437 3307 723 3401 πατρὸς
771 3309 1125 3391 νεοσσούς
1174 3309 1510 3397 (νεοσσός
1562 3315 1741 3379 enim
1798 3315 2061 3402 proprie
2120 3316 2200 3379 de
2247 3314 2447 3401 pullis
2492 3314 2729 3385 bestia-

438 3436 603 3491 rum,
649 3415 936 3478 maxime
982 3416 1220 3493 avium,
1268 3417 1633 3496 dicebatur)
1679 3430 1746 3479 et
1788 3441 1849 3479 v.
1896 3418 2018 3481 258
2064 3439 2302 3479 novam
2346 3415 2604 3480 inducit
2646 3415 2731 3479 si—

439 3513 902 3594 militudinem,
958 3529 1025 3580 et
1066 3517 1277 3602 ipsam
1324 3518 1401 3581 ab
1451 3518 1669 3603 aquila
1698 3531 2055 3604 sumptam:

689 3641 866 3716 οὔτ’
894 3641 1123 3715 ἀετοῦ
1174 3643 2005 3745 γένεθλ’ἄποφθείρας
2053 3645 2280 3718 πάλιν

689 3749 998 3835 πέμπειν
1048 3750 1241 3838 ἔχοις
1290 3745 1384 3817 ἂν
1435 3745 1720 3839 σήματ’
1748 3746 2027 3838 εὐπιθῆ
2075 3750 2405 3842 βροτοῖς,

695 3842 1201 3940 οὔτ’ἆρχικός
1254 3871 1370 3918 σοι
1424 3854 1569 3928 πᾶς
1621 3846 1753 3920 ὅδ’
1780 3846 2139 3928 αὐανθεὶς
2187 3845 2504 3940 πυθμὴν

690 3950 983 4038 βωμοῖς
1033 3946 1283 4045 ἀρήξει
1332 3947 1757 4036 βουθύτοις
1800 3949 1876 4021 ἕν
1920 3951 2212 4040 ἥμασιν.

437 4085 1031 4179 Quemadmodum,
1120 4089 1174 4152 si
1262 4089 1517 4174 aquilae
1606 4111 1817 4174 genus
1908 4087 2288 4165 delevisses,
2376 4110 2515 4151 non
2595 4086 2723 4151 iam

437 4185 570 4250 fida
634 4187 904 4276 auguria
964 4187 1260 4267 haberes,
1328 4213 1491 4275 quae
1560 4189 1939 4254 hominibus
2007 4188 2270 4252 mittere
2330 4210 2579 4274 posses,
2635 4186 2729 4250 ita
