3134 4842
401 246 406 253 Ι
474 169 516 231 4

387 333 717 398 rhetorica
791 332 1207 398 affectatione
1273 332 1567 412 fluxisse,
1650 333 1767 397 sed
1842 356 1928 397 ex
1992 332 2272 398 naturali
2338 332 2683 398 altitudine

391 435 610 513 animi,
679 457 843 520 quae
890 435 953 497 ei
1019 458 1169 498 cum
1236 435 1738 521 spectatoribus,
1807 435 2043 519 quibus
2111 419 2455 512 scribebat,
2511 457 2686 498 com-

390 536 606 599 munis
653 549 809 599 erat.
898 534 1091 614 Quod
1135 536 1420 622 primum
1463 535 1668 621 igitur
1712 534 1793 598 ad
1838 535 2145 613 vocabula,
2192 535 2427 620 quibus
2458 536 2685 613 utitur,

390 636 644 714 attinet,
691 637 948 722 saepius
1009 658 1203 720 quam
1250 636 1413 699 alius
1462 636 1807 721 quisquam
1855 634 2141 700 Graecus
2189 638 2470 723 scriptor
2514 658 2688 698 nova

390 737 586 800 finxit
606 732 686 820 ¹);
733 737 1117 823 praesertim
1164 760 1241 799 ea
1284 736 1555 800 audacia
1600 736 1979 801 admiranda
2008 749 2126 808 est,
2163 759 2291 821 qua
2320 736 2689 822 composita

388 838 664 915 invenit,
732 837 903 901 sicut
969 837 1239 901 omnino
1312 837 1589 901 vocibus
1654 837 1874 923 longis
1941 850 2009 901 et
2052 837 2250 923 plene
2297 837 2683 901 sonantibus

391 938 702 1003 delectari
765 938 1045 1001 videtur.
1134 938 1346 1002 Multa
1402 938 1703 1002 obsoleta
1765 938 2103 1016 vocabula,
2170 938 2556 1024 praesertim
2601 960 2688 1000 ex

389 1039 705 1116 HomerO‚
771 1039 1041 1125 recepit,
1098 1061 1226 1123 quo
1286 1039 1572 1102 orationi
1616 1061 1769 1101 suae
1815 1038 2159 1102 vetustatis
2207 1038 2534 1123 quendam
2582 1061 2688 1102 co-

388 1140 600 1203 lorem
645 1139 915 1203 addidit.
1003 1139 1223 1203 Etiam
1269 1140 1346 1204 ab
1392 1139 1650 1202 usitatis
1698 1139 2294 1224 significationibus
2335 1140 2686 1203 verborum

390 1263 527 1304 non
591 1263 735 1304 raro
802 1239 1071 1317 recedit,
1135 1240 1315 1325 quod
1377 1240 1702 1326 imprimis
1768 1240 1839 1303 in
1905 1237 2308 1326 metaphoris
2376 1239 2685 1303 cernitur.

395 1342 689 1426 Syntaxis
711 1339 1053 1425 Aeschyli,
1086 1363 1479 1425 quamquam
1502 1341 1573 1403 in
1603 1339 1727 1404 hac
1757 1363 1826 1403 re
1859 1363 2068 1426 genus
2094 1340 2360 1404 dicendi
2383 1341 2525 1424 ejus
2550 1340 2689 1425 ple-

390 1464 664 1527 rumque
733 1440 1087 1532 admodum
1144 1441 1429 1527 simplex
1474 1453 1541 1505 et
1585 1441 2008 1527 perspicuum
2054 1454 2155 1505 est
2196 1462 2413 1525 neque
2465 1440 2685 1525 longis

391 1555 458 1606 et
501 1541 852 1627 implicatis
897 1542 1249 1606 verborum
1296 1541 2019 1629 circumscriptionibus
2064 1540 2290 1619 utitur,
2327 1554 2548 1604 tamen
2578 1562 2685 1604 eas

389 1643 591 1729 leges,
640 1665 806 1727 quae
856 1629 1127 1706 omnino
1177 1641 1464 1706 Graecae
1508 1643 1777 1728 linguae
1824 1654 1996 1720 sunt,
2042 1666 2179 1706 non
2210 1666 2354 1706 raro
2387 1641 2687 1728 negligit.

392 1743 603 1822 Quare
652 1743 1017 1808 anomaliae
1067 1744 1280 1807 omnis
1326 1742 1611 1829 generis,
1656 1756 1731 1807 ut
1773 1742 2161 1829 pleonasmi,
2198 1741 2688 1828 brachylogiae,

392 1843 725 1930 asyndeta‚
773 1843 1183 1922 anacolutha‚
1231 1844 1677 1930 aposiopeseS‚
1724 1843 1898 1929 apud
1941 1843 2353 1928 Aeschylum
2381 1843 2690 1927 frequen-

390 1945 681 2008 tissimae
729 1958 900 2008 sunt.
988 1944 1157 2007 Mira
1220 1957 1288 2008 et
1352 1944 1567 2008 audax
1630 1943 1955 2030 imprimis
2024 1957 2125 2008 est
2189 1966 2265 2007 ea
2327 1941 2516 2020 rati0,
2563 1965 2692 2027 qua

392 2045 717 2130 adjectiva
791 2059 859 2110 et
934 2044 1266 2131 genitivos
1347 2044 1429 2109 ad
1495 2045 1904 2109 substantiva
1976 2067 2097 2130 per
2171 2043 2688 2113 attributionem,

245 2147 372 2251 ‘s
394 2169 559 2231 quae
604 2159 895 2223 vocatur,
942 2145 1185 2230 adjicit.
1251 2144 1347 2209 Ut
1388 2145 1521 2208 iam
1566 2145 1649 2209 ad
1691 2148 1991 2230 imayines
2041 2144 2404 2222 veniamUS‚
2452 2143 2687 2228 quibus

396 2269 661 2332 ornnem
726 2246 1055 2332 poeticam
1124 2245 1488 2310 dictionem
1552 2257 1888 2330 tamquam
1952 2245 2314 2309 luminibus
2376 2245 2691 2308 illustrari

392 2369 662 2411 necesse
730 2358 849 2424 est,
897 2346 1126 2410 eadem
1168 2346 1300 2424 illa,
1368 2368 1534 2431 quae
1584 2346 1856 2410 omnino
1904 2345 2216 2411 dictionis
2272 2344 2689 2431 Aeschyleae

394 2448 660 2535 propria
726 2471 868 2511 esse
938 2446 1247 2523 diximus,
1315 2448 1512 2511 etiam
1583 2447 1655 2510 in
1719 2447 1801 2511 iis
1858 2460 2235 2512 cernuntur.
2320 2446 2490 2510 Nam
2545 2469 2690 2509 eam

394 2548 849 2634 granditatem,
897 2570 1092 2633 quam
1136 2561 1211 2612 ut
1252 2548 1611 2634 tragoediis
1648 2548 1782 2612 suis
1815 2548 2220 2626 conciliaret,
2249 2559 2467 2612 totum
2500 2571 2691 2611 suum

395 2649 660 2714 dicendi
703 2672 912 2735 genus
958 2649 1418 2727 conformavit,
1464 2649 1691 2713 nescio
1741 2673 1822 2713 an
1868 2650 2155 2713 maxime
2185 2648 2289 2712 his
2328 2649 2690 2713 luminibus

394 2764 728 2815 assecutus
774 2750 877 2828 sit,
924 2772 1090 2835 quae
1138 2750 1311 2836 apud
1355 2773 1508 2813 eum
1552 2773 1690 2813 non
1725 2762 1879 2813 sunt
1906 2749 2119 2814 inanis
2150 2751 2502 2814 verborum
2534 2761 2693 2811 stre-

392 2851 609 2937 pituS,¹
659 2850 776 2914 sed
832 2873 918 2914 ex
959 2850 1480 2936 praeclarissima
1532 2850 1795 2936 poetica
1843 2850 2155 2914 facultate
2213 2862 2280 2913 et
2324 2872 2411 2912 ex
2455 2847 2693 2934 spiritu
2761 2887 2764 2894 ·

392 2952 510 3015 illo
560 2951 806 3030 divino,
853 2973 982 3035 quo
1028 2964 1167 3014 erat
1203 2949 1489 3028 inflatus,
1524 2949 1843 3014 oriuntur.
1910 2949 2160 3013 Verum
2191 2962 2293 3013 est
2320 2948 2390 3011 id
2423 2947 2689 3032 quidem

394 3051 823 3137 Aeschylum,
867 3065 943 3114 ut
974 3047 1249 3115 'ceteros
1294 3063 1522 3137 poetas
1571 3050 1878 3127 Graecos,
1925 3050 2160 3134 quibus
2202 3049 2274 3112 id
2297 3061 2435 3112 erat
2461 3061 2692 3113 natura

393 3153 715 3230 innatum,
772 3167 847 3216 ut
905 3151 1175 3216 modum
1218 3151 1289 3214 in
1336 3151 1641 3215 omnibus
1690 3162 2044 3228 servarent,
2092 3173 2127 3213 a
2171 3149 2376 3213 nimia
2419 3150 2490 3212 in
2533 3149 2692 3213 ima-

395 3253 658 3340 ginibus
737 3252 1137 3317 abundantia
1212 3252 1601 3339 plerumque
1683 3250 2096 3316 abstinuisse.
2208 3249 2420 3329 Quare
2488 3273 2690 3335 quum

398 3354 628 3431 orati0,
673 3366 749 3417 ut
791 3354 1076 3416 maxime
1120 3353 1191 3416 in
1233 3353 1518 3438 dialogo,
1554 3352 1781 3438 epicae
1813 3351 2202 3415 narrationis
2235 3351 2431 3415 modo
2466 3351 2690 3436 quieto

398 3468 465 3517 et
507 3454 767 3541 placido
813 3454 1018 3540 gradu
1062 3452 1381 3541 procedit,
1413 3454 1725 3540 pleraque
1756 3451 2040 3539 propriis
2087 3466 2155 3517 et
2185 3452 2318 3516 suis
2349 3450 2690 3516 vocabulis

398 3553 778 3619 efferuntur.
867 3554 998 3618 Sed
1066 3553 1588 3640 quotiescunque
1655 3566 1854 3639 poeta
1906 3553 2098 3617 altius
2167 3575 2514 3639 assurgens
2560 3574 2692 3615 ma-

389 3657 605 3741 jorem
651 3656 934 3741 aliquem
980 3655 1182 3719 animi
1227 3668 1478 3719 motum
1511 3655 1656 3718 vult
1684 3653 2064 3740 depingere,
2097 3653 2277 3739 quod
2307 3653 2691 3739 saepissime

396 3758 467 3821 in
510 3756 734 3842 lyricis
803 3756 1116 3843 partibus,
1185 3756 1302 3820 sed
1366 3779 1500 3819 non
1566 3778 1713 3819 raro
1761 3755 1959 3819 etiam
2005 3754 2076 3818 in
2123 3754 2385 3840 dialogo
2433 3752 2690 3830 accidit,

396 3857 665 3945 proprio
734 3856 1000 3921 dicendi
1062 3879 1304 3942 genere
1370 3856 1605 3921 relicto
1674 3855 1756 3920 ad
1819 3855 2140 3941 imagines
2209 3878 2448 3941 easque
2500 3855 2693 3919 auda-

399 3958 693 4023 cissimas
760 3971 827 4021 et
893 3957 1456 4043 splendidissimas
1503 3956 1838 4042 confugit3
1884 3956 2064 4042 quod
2106 3956 2225 4019 vix
2269 3955 2402 4020 dici
2451 3967 2691 4044 potest,

401 4073 718 4144 quantum
796 4057 878 4122 ad
955 4058 1392 4162 granditatem
1456 4057 1775 4122 orationis
1844 4057 2212 4143 augendam
2276 4057 2510 4123 valeat.
2622 4055 2692 4119 Si

470 4186 514 4253 ¹)
549 4187 721 4247 Τοῦτ,
757 4187 823 4236 de
855 4185 1115 4247 Aeschylo
1150 4187 1521 4237 vocabulorum
1555 4188 1847 4246 inventore,
1885 4184 2008 4233 Hal.
2046 4186 2193 4237 1855.
