3134 4842
490 226 568 288 12

403 391 726 456 Rhetores
774 391 1025 469 Graeci,
1073 391 1225 455 Vol.
1269 388 1390 468 HI,
1435 361 1499 476 p.
1556 391 1741 476 193)·
1788 385 2125 509 διαφέρει
2178 383 2256 457 δὲ
2291 383 2695 489 μεταφορὰ

402 488 524 558 καὶ
599 486 1065 583 κατάχρησις,
1145 485 1262 557 ὅτι
1333 485 1375 578 ἡ
1423 486 1563 576 μὲν
1606 485 2016 586 μεταφορὰ
2070 483 2221 557 ἀπὸ
2273 510 2697 576 κατονομα-

405 591 718 678 ζομένου
771 589 885 660 ἐπὶ
933 584 1635 679 κατονομαζόμενον
1683 590 1998 681 λέγεται,
2053 587 2096 680 ἡ
2152 586 2230 658 δὲ
2254 584 2700 678 κατάχρησις

404 686 556 760 ἀπὸ
592 692 1295 778 κατονομαζομένου
1331 688 1445 759 ἐπὶ
1477 686 2120 778 ἀκατονόμαστον.
2208 692 2381 757 Vide
2420 692 2695 771 Quintil.

403 795 567 859 Inst.
636 794 812 860 Orat.
880 797 938 872 8,
995 797 1053 872 6,
1099 796 1199 859 35.
1285 794 1519 879 Neque
1564 795 1665 858 illi
1706 808 1849 859 tota
1891 818 1959 859 re
2007 807 2255 870 errant;
2306 794 2695 879 plerumque

405 919 525 981 per
568 894 1019 982 metaphoram
1064 895 1386 959 vocabula
1416 896 1486 958 in
1530 919 1634 960 res
1680 896 2021 982 proprium
2065 919 2313 958 nomen
2355 893 2697 970 habenteS,

406 1020 526 1082 per
571 996 976 1060 catachresin
1021 996 1091 1059 in
1122 1019 1224 1059 res
1256 996 1527 1081 proprio
1563 997 1837 1060 nomine
1871 1008 2164 1060 carentes
2192 994 2698 1059 transferuntur.

407 1099 503 1160 At
547 1097 602 1160 si
645 1096 716 1160 id
760 1097 992 1183 agitur,
1036 1108 1112 1160 ut
1155 1096 1464 1160 notiones
1509 1097 1800 1183 pressius
1846 1111 1914 1162 et
1943 1096 2248 1161 subtilius
2281 1095 2698 1171 definiantur,

405 1220 659 1274 vereor,
704 1220 788 1261 ne
835 1198 1041 1275 aliter,
1089 1196 1249 1282 quid
1291 1197 1465 1260 inter
1509 1221 1617 1262 eas
1661 1198 1941 1275 intersit,
1980 1210 2263 1262 statuere
2295 1208 2598 1282 oporteat
2626 1189 2698 1278 ¹).

408 1297 503 1361 Ut
568 1320 764 1383 supra
821 1298 1101 1374 osten'di,
1148 1296 1533 1383 metaphora
1576 1299 1858 1376 exsistit,
1905 1322 2106 1383 quum
2152 1299 2316 1362 duae
2362 1319 2486 1379 reS,
2533 1318 2696 1382 quae

407 1412 683 1484 propter
757 1398 1260 1462 similitudinem
1338 1399 1663 1483 quandam
1742 1412 2221 1484 comparantur,
2295 1398 2389 1462 ita
2462 1395 2702 1483 pe'rmim

410 1512 676 1563 scentur
719 1512 788 1563 et
827 1499 898 1562 in
943 1523 1148 1562 unum
1193 1498 1711 1577 confunduntur,
1743 1513 1818 1564 ut
1846 1523 1978 1563 una
2000 1523 2118 1586 pro
2153 1498 2355 1563 altera
2381 1510 2699 1583 ponatur-3

412 1599 591 1684 quod
638 1623 837 1685 quum
885 1599 967 1662 ad
1029 1600 1396 1664 orationem
1460 1613 1755 1665 ornatam
1801 1613 1870 1664 et
1910 1600 2235 1664 nitentem
2281 1598 2700 1662 efficiendam

410 1714 683 1786 spectet,
730 1713 999 1787 apparet
1041 1700 1492 1786 metaphoram
1536 1702 1921 1787 praesertim
1965 1715 2106 1765 tum
2151 1699 2467 1776 adhiberi,
2499 1721 2701 1784 quum

411 1801 688 1864 eandem
754 1824 893 1864 rem
961 1801 1089 1864 alio
1159 1801 1358 1864 modo
1428 1802 1583 1866 satis
1653 1802 2003 1887 perspicuo
2069 1801 2186 1864 illo
2244 1800 2530 1885 quidem,
2586 1798 2703 1863 sed

409 1902 651 1973 minus,
695 1901 942 1986 insigni
999 1915 1066 1965 et
1129 1901 1371 1966 illustri
1435 1901 1806 1988 significare
1872 1902 2086 1966 liceat.
2174 1903 2491 1965 Attamen
2536 1899 2706 1963 nihil

409 2002 712 2087 impedit,
783 2002 1136 2086 quominus
1202 2002 1295 2066 ita
1357 2026 1460 2066 res
1519 2002 1952 2080 illustrentur,
1999 2002 2236 2087 quibus
2281 2001 2549 2088 propria
2590 2023 2705 2063 vo-

412 2102 642 2166 cabula
706 2101 954 2177 desint3
1023 2102 1201 2186 quod
1266 2102 1464 2166 etiam
1540 2103 1876 2180 accidisse,
1922 2102 2404 2188 antiquioribus
2472 2101 2704 2165 saltem

410 2202 852 2287 temporibus,
889 2226 1090 2287 quum
1134 2202 1398 2288 linguae
1444 2204 1663 2268 verbis
1694 2204 1929 2290 inopes
1961 2217 2202 2281 essent,
2232 2202 2405 2266 infra
2435 2202 2707 2265 demon·

413 2303 653 2366 strabo,
743 2301 1151 2366 Catachresis
1198 2303 1446 2367 nullam
1483 2304 1684 2369 talem
1719 2304 1993 2368 duarum
2024 2328 2243 2368 rerum
2276 2301 2706 2389 comparatio·

411 2426 565 2467 nem
612 2403 838 2479 habet3
886 2404 1001 2466 sed
1044 2404 1115 2467 in
1161 2426 1243 2468 eo
1291 2405 1615 2482 consistit,
1662 2418 1737 2469 ut
1779 2428 1881 2469 res
1929 2406 2146 2490 aliqua
2189 2404 2480 2481 nomine,
2527 2402 2707 2489 quod

412 2503 676 2590 proprie
744 2527 881 2568 non
945 2504 1104 2568 huic
1168 2505 1285 2582 rei,
1353 2505 1471 2569 sed
1523 2505 1636 2569 alii
1679 2507 2090 2593 propinquae
2137 2503 2510 2580 conveniat,
2557 2527 2707 2567 cum

416 2604 694 2689 quadam
758 2605 1033 2669 licentia
1098 2605 1483 2683 denotetur3
1553 2607 1731 2693 quod
1802 2607 1999 2671 etiam
2062 2618 2205 2671 tum
2269 2605 2415 2669 fieri
2461 2616 2703 2691 potest,

415 2727 616 2791 quum
661 2706 930 2792 proprio
996 2706 1323 2771 vocabulo
1380 2708 1481 2771 uti
1523 2707 1785 2793 licebat,
1834 2730 2225 2793 quamquam
2268 2706 2339 2770 id
2380 2705 2586 2769 rarius
2632 2703 2707 2768 fit

415 2818 483 2869 et
526 2819 701 2869 certe
747 2806 1254 2891 improbandum
1300 2821 1419 2871 est.
1507 2807 1915 2872 Catachresis
1962 2821 2064 2872 est
2090 2807 2312 2893 igitur,
2346 2792 2548 2892 quum
2577 2827 2709 2868 una

413 2906 664 2970 vocalis
708 2919 983 2969 vocatur
1027 2900 1386 2995 συλλαβή,
1433 2907 1614 2993 quod
1654 2909 2052 2973 vocabulum
2082 2907 2345 2995 proprie
2380 2905 2712 2993 significat
2787 2946 2798 2955 ι

415 3006 703 3092 plurium
730 3005 1393 3093 comprehensionem
1415 3008 1784 3085 literarum;
1830 3008 2220 3074 catachresis
2253 3007 2471 3085 etiam,
2506 3029 2707 3092 quum

417 3107 837 3171 simulacrum
906 3107 1195 3193 speciem
1261 3108 1549 3186 feminae
1604 3124 2104 3196 repraesentans
2149 3101 2473 3196 ἀνδριάς,
2524 3130 2711 3194 prae-

417 3207 630 3271 fectus
698 3207 1188 3292 quinqueremis
1245 3202 1691 3298 τριήραρχος
1758 3211 2143 3298 appellatur.
2230 3210 2338 3273 Ex
2380 3209 2483 3286 iis,
2542 3230 2706 3294 quae

418 3307 578 3385 dixi,
625 3330 936 3394 apparere
1005 3309 1201 3373 credo
1270 3310 1676 3376 catachreses
1743 3313 1823 3376 ad
1887 3334 2098 3397 genus
2155 3310 2526 3396 ,imaginum
2570 3331 2709 3373 non

417 3422 771 3495 pertlnere.

583 3508 679 3573 Ut
744 3533 938 3595 supra
1004 3509 1452 3574 demonstravi
1520 3535 1659 3580 non
1715 3535 1944 3577 omnes
1993 3511 2518 3597 comparationes
2565 3531 2706 3572 esse

416 3609 761 3695 imagines,
806 3610 899 3674 ita
941 3611 1160 3687 etiam,
1205 3610 1365 3675 licet
1408 3612 1536 3676 alia
1578 3613 1855 3690 ratione,
1889 3613 2021 3677 dici
2057 3625 2281 3699 potest
2309 3635 2446 3675 non
2480 3631 2711 3674 omnes

419 3709 835 3797 metaphoras
903 3733 1045 3775 esse
1098 3712 1439 3798 imagines.
1530 3712 1719 3791 Quod
1792 3736 1923 3800 quo
1990 3714 2225 3777 melius
2280 3711 2711 3796 intelligatur,

419 3833 691 3875 necesse
739 3824 840 3875 est
905 3811 1174 3896 paulum
1244 3813 1683 3892 considerare,
1730 3813 2107 3901 quomodo
2151 3814 2417 3900 linguae
2463 3811 2712 3876 sensim

421 3906 723 3976 excultae
770 3923 839 3976 et
882 3924 1107 3975 auctae
1155 3912 1304 3977 sint.
1369 3913 1554 3978 Inter
1604 3938 1854 3993 omnes,
1887 3916 1999 4000 qui
2028 3928 2295 3979 naturae
2335 3913 2711 3999 linguarum

423 4011 925 4105 cognoscendae
974 4035 1241 4098 operam
1287 4012 1630 4093 dederunt,
1676 4039 1853 4080 nunc
1900 4028 2160 4079 constat
2190 4038 2297 4079 eas
2328 4014 2712 4078 facultatem

422 4241 495 4290 Be
552 4173 769 4290 ligii}
804 4174 1099 4292 ΜῦξΖΕΙὼ,
1141 4175 1218 4224 De
1251 4157 1663 4226 translationum
1697 4191 1831 4239 quae
1864 4181 2120 4227 vocantur
2154 4177 2294 4240 apud
2330 4176 2572 4226 Curtium
2599 4189 2714 4224 usu.

495 4255 553 4290 ro
577 4277 589 4289 .
761 4277 773 4301 ,
810 4256 859 4304 p.
933 4280 945 4292 .
