3134 4842
2648 225 2683 286 7

470 386 1017 450 animadvertere.
1101 386 1192 451 Et
1256 409 1653 472 quamquam
1720 386 2073 450 consilium
2137 387 2335 471 hujus
2382 389 2557 466 artis,
2604 412 2768 474 quae

474 486 683 572 magis
731 485 811 550 ad
853 487 1027 550 vitae
1073 510 1266 551 usum
1314 510 1508 573 quam
1553 486 1637 550 ad
1682 487 2130 572 cognoscendi
2172 488 2500 553 rationem
2531 491 2773 554 refere-

474 588 685 665 batur,
749 587 1122 652 necessario
1189 587 1431 666 effecit,
1496 601 1574 652 ut
1614 587 2033 674 potissimum
2076 588 2359 653 solutam
2406 590 2766 654 orationem

471 700 869 774 spectarent,
936 688 1134 752 etiam
1198 688 1527 775 poeticam
1588 711 1728 752 non
1770 711 1916 752 raro
1962 690 2041 753 ab
2085 688 2168 752 iis
2212 703 2579 776 respectam
2625 714 2767 755 esse

468 788 850 852 invenimus
894 788 1095 874 idque
1152 789 1439 853 maxime
1493 788 1564 853 in
1612 812 1690 852 ea
1734 801 1939 875 parte,
1987 812 2154 874 quae
2202 790 2283 854 de
2331 803 2565 855 ornatu
2610 804 2767 856 erat.

475 889 577 953 Ita
619 912 814 975 saepe
860 888 1154 954 rhetores
1199 901 1551 977 praecepta
1595 912 1712 953 sua
1755 890 2079 977 exemplis
2122 890 2555 969 illustrabant,
2603 915 2767 977 quae

472 1013 564 1052 ex
627 989 845 1075 poetis
912 1004 1172 1076 sumpta
1237 1004 1442 1066 erant,
1507 990 1795 1053 maxime
1848 1013 1937 1054 ex
1979 990 2296 1069 HomerO,
2339 1005 2416 1056 ut
2467 993 2580 1077 qui
2625 993 2768 1077 ejus

472 1090 706 1154 aetatis
772 1089 1151 1155 hominibus
1221 1091 1520 1155 omnium
1587 1090 1873 1154 maxime
1938 1104 2285 1177 poetarum
2329 1105 2525 1157 notus
2572 1107 2778 1158 esset,

470 1190 582 1253 Ex
623 1190 726 1267 iis,
795 1213 958 1276 quae
1027 1191 1106 1256 ab
1161 1191 1293 1255 illis
1341 1184 1608 1255 dicendi
1650 1192 2189 1277 praeceptoribus
2234 1193 2314 1256 de
2361 1207 2518 1272 arte,
2574 1217 2768 1279 quam

472 1291 823 1370 docebant,
867 1291 1076 1355 literis
1108 1292 1414 1356 mandata
1442 1304 1617 1369 sunt,
1645 1315 1780 1355 non
1811 1315 2021 1378 pauca
2049 1293 2132 1356 ad
2159 1306 2452 1357 nostram
2484 1308 2768 1359 aetatem

477 1404 876 1456 manserunt.
963 1392 1106 1456 Hos
1172 1391 1508 1457 rhetorum
1579 1394 2088 1457 commentarios
2156 1394 2353 1457 etiam
2422 1394 2501 1459 de
2568 1395 2637 1458 vi
2702 1409 2774 1460 et

473 1506 706 1556 natura
746 1493 1114 1579 imaginum
1143 1493 1350 1558 multa
1388 1506 1577 1558 acute
1611 1505 1677 1557 et
1707 1493 2039 1558 subtiliter
2065 1493 2397 1580 disputata
2425 1495 2766 1560 continere

474 1593 702 1679 negari
766 1618 904 1657 non
971 1607 1211 1681 potest.
1301 1594 1433 1658 Sed
1496 1607 1573 1658 ut
1637 1593 1851 1658 dicam
1893 1593 1983 1670 id,
2045 1595 2223 1680 quod
2267 1595 2504 1673 senti0,
2551 1619 2765 1682 neque

472 1693 820 1778 quisquam
866 1718 1095 1758 eorum
1143 1693 1602 1759 definitionem
1645 1694 1954 1781 imaginis
1998 1695 2296 1781 protulit,
2327 1695 2492 1781 qu'ae
2536 1720 2765 1761 omnes

474 1795 617 1878 ejus
663 1811 879 1881 partes
947 1796 1518 1882 complecteretur,
1584 1803 1800 1880 ne'que
1859 1817 2120 1882 semper
2162 1795 2279 1859 has
2325 1796 2500 1882 ipsas
2546 1811 2764 1883 partes

470 1895 628 1961 satis
673 1895 1004 1960 subtiliter
1044 1896 1220 1961 inter
1271 1919 1340 1960 se
1388 1896 1855 1960 distinxerunt.
1945 1895 2222 1960 Omissis
2266 1897 2470 1982 igitur
2528 1897 2610 1962 iis
2657 1898 2767 1962 de-

470 1994 908 2074 finitionibus,
956 2020 1114 2082 quas
1171 1997 1593 2074 Aristoteles,
1642 1995 1935 2082 TryphO,
1980 1996 2461 2083 Hermogenes,
2508 1997 2763 2076 CicerO,

469 2095 942 2174 Quintilianus,
982 2096 1095 2161 alii
1130 2090 1561 2174 tradiderunt,
1604 2097 1675 2160 id
1701 2111 1959 2161 tantum
1988 2097 2059 2161 in
2089 2098 2382 2161 medium
2411 2098 2763 2185 proferam,

467 2197 653 2281 quod
696 2196 880 2272 ‚mihi
943 2197 1041 2261 rei
1103 2199 1453 2263 notionem
1525 2197 1774 2284 optime
1841 2198 2093 2283 aperire
2158 2199 2439 2263 videtur.
2543 2200 2767 2287 Imayo

468 2298 811 2375 adhibetur,
863 2321 1056 2384 quum
1095 2302 1164 2363 in
1206 2301 1469 2364 dicendo
1503 2300 1597 2363 vel
1637 2299 1955 2363 scribendo
1996 2310 2249 2364 ornatus
2291 2322 2498 2377 causa,
2542 2305 2583 2364 i.
2619 2323 2668 2365 e.
2698 2312 2768 2365 ut

467 2398 776 2463 delectatio
828 2411 1160 2475 moveatur,
1225 2402 1318 2464 rei
1380 2400 1570 2464 alicui
1639 2401 2024 2485 componitur
2086 2400 2233 2476 alia,
2278 2423 2615 2485 quaecum
2656 2401 2766 2465 icta

468 2499 931 2564 similitudinem
993 2501 1312 2586 quandam
1375 2503 1676 2585 insiynem
1730 2501 1921 2564 habet.
2008 2498 2320 2564 Omnium
2364 2501 2567 2586 igitur
2607 2502 2766 2565 ima-

468 2597 703 2683 ginum
743 2600 814 2663 id
859 2624 1209 2669 commune
1257 2614 1375 2680 est,
1431 2601 1611 2687 quod
1653 2601 1725 2664 in
1768 2600 1850 2664 iis
1911 2601 2076 2664 duae
2131 2624 2233 2664 res
2281 2615 2761 2688 comparantur,

474 2720 747 2784 quarum
811 2725 943 2765 una
1007 2701 1256 2765 nullam
1322 2702 1514 2765 aliam
1562 2702 1646 2766 ob
1704 2724 1964 2764 causam
2010 2700 2405 2779 nominatur,
2451 2725 2645 2787 quam
2690 2717 2764 2766 ut

466 2798 739 2863 alteram
784 2796 1217 2866 similitudine
1262 2802 1511 2889 insigni
1552 2802 1858 2880 illustret,
1905 2814 1972 2864 et
2016 2801 2195 2886 quod
2235 2801 2365 2866 hoc
2407 2802 2488 2866 ad
2525 2804 2764 2867 oratio-

466 2923 623 2964 nem
671 2902 1030 2966 ornandam
1077 2915 1348 2989 spectat.
1439 2903 1652 2982 Quare
1696 2903 1768 2966 in
1811 2902 2121 2988 imagine,
2168 2915 2243 2966 ut
2271 2902 2342 2966 in
2376 2904 2556 2966 omni
2588 2927 2761 2968 com-

468 3002 829 3087 paratione,
885 3003 1012 3067 tria
1077 3003 1510 3068 discernenda
1576 3016 1755 3067 sunt:
1801 3003 2088 3090 primum
2134 3026 2212 3066 ea
2252 3026 2377 3081 res,
2424 3027 2589 3089 quae
2637 3005 2763 3068 alia

464 3101 668 3165 simili
711 3103 1100 3181 illustratum
1162 3104 1401 3168 deinde
1458 3127 1584 3182 res,
1632 3126 1796 3190 quae
1842 3103 1942 3167 illi
1984 3103 2408 3168 illustrandae
2452 3104 2758 3183 inservit3

462 3202 805 3268 brevitatis
872 3227 1067 3269 causa
1129 3205 1310 3269 illam
1347 3208 1650 3291 primum,
1695 3204 1865 3269 hanc
1908 3206 2241 3268 seeundum
2284 3210 2760 3289 comparationis

466 3305 807 3368 membrum
871 3306 1200 3391 appellare
1245 3306 1424 3370 vo10.
1513 3305 1815 3369 Tertium
1860 3298 2441 3369 animadvertenda
2486 3318 2589 3370 est
2616 3306 2761 3393 ipsa

462 3402 919 3469 similitudinis
954 3398 1163 3484 ratio,
1220 3429 1384 3492 quae
1442 3406 1619 3470 inter
1661 3406 1821 3469 duas
1865 3405 2012 3469 illas
2055 3428 2160 3468 res
2214 3420 2618 3491 comparatas
2661 3408 2759 3471 in-

458 3505 772 3582 tercedit;
818 3522 1013 3591 quam
1055 3507 1326 3571 nomine
1372 3508 1615 3571 usitato
1660 3509 1906 3571 tertium
1956 3509 2430 3591 comparationis
2472 3508 2757 3594 appello,

630 3605 710 3669 In
756 3629 835 3670 ea
876 3606 1241 3693 imaginum
1282 3607 1774 3694 partiendarum
1817 3606 2094 3683 ratione,
2127 3628 2291 3691 quae
2332 3606 2762 3673 usitatissima

462 3719 566 3769 est
610 3719 804 3791 atque
837 3707 1038 3771 etiam
1066 3708 1148 3772 iis
1180 3708 1540 3787 vocabulis,
1575 3708 1811 3794 quibus
1843 3707 1973 3771 huc
2005 3707 2412 3793 pertinentes
2442 3709 2756 3780 notiones

462 3806 664 3892 vulgo
730 3808 1176 3887 nominantur,
1240 3810 1486 3887 subest,
1548 3808 1904 3873 discrimen
1931 3807 2226 3895 formale,
2270 3821 2346 3872 ut
2385 3809 2480 3872 ita
2522 3809 2756 3889 dicam,

462 3904 635 3970 inter
679 3907 939 3974 diversa
980 3932 1225 3995 genera
1268 3910 1712 3987 constituitur,
1757 3922 1832 3973 ut
1874 3932 2032 3986 non,
2058 3911 2209 3993 quid
2252 3908 2322 3972 in
2368 3909 2449 3974 iis
2483 3909 2755 3989 dicatur,

457 4006 581 4070 sed
604 4002 965 4093 [quomodm
1032 4023 1386 4097 spectetur.
1473 4010 1654 4088 Quae
1722 4010 1857 4074 sint
1901 4032 2157 4095 quaque
2213 4032 2283 4073 re
2330 4008 2638 4076 differant
2681 4035 2759 4076 ea

461 4130 723 4193 genera,
770 4124 838 4175 et
905 4112 1242 4196 quomodo
1298 4111 1461 4176 haec
1504 4134 1728 4175 rursus
1772 4111 1844 4174 in
1890 4110 2017 4174 alia
2058 4109 2317 4174 minora
2359 4109 2754 4190 dividantur,

455 4207 589 4273 iam
635 4233 969 4297 exponam
1037 4213 1403 4298 adjungens
1461 4211 1786 4298 exempla,
1834 4234 1997 4297 quae
2044 4209 2422 4276 auctoribus
2468 4213 2753 4299 antiquis
