3134 4842
517 217 598 280 54

429 384 846 449 inhaerentes
880 385 1227 449 adhibetur
1257 389 1385 471 Ag.
1422 388 1571 449 151:
1614 382 2074 471 σπευδομένα
2118 382 2390 450 θυσίαν
2427 384 2723 450 νεικέων

433 484 736 551 τέκτονα
811 479 1229 581 σύμφυτον.
1359 487 2043 551 Animadvertendum
2122 499 2223 549 est
2300 478 2719 579 σύμφυτον,

431 608 820 672 quamquam
866 587 1078 650 forma
1125 611 1240 650 sua
1284 588 1725 672 grammatica,
1771 611 1935 673 quae
1982 587 2241 662 dicitur,
2287 586 2367 650 ad
2416 586 2720 652 τέκτονα

430 689 996 752 accommodatum
1043 702 1161 764 est,
1207 701 1448 764 tamen,
1482 688 1538 752 si
1567 711 1706 751 rem
1735 688 1944 774 ipsam
1980 702 2045 752 et
2074 686 2471 752 sententiam
2502 711 2720 774 respe-

428 787 626 863 xeris,
686 788 767 851 ad
823 788 1118 853 νεικέων
1163 788 1512 874 pertinere.
1601 788 1797 852 Haud
1842 789 2111 853 insolita
2137 801 2256 874 §est
2300 810 2499 872 quum
2547 790 2718 873 apud

429 888 593 952 alios
625 902 853 974 poetas
881 888 1162 953 Graecos
1187 903 1327 952 tum
1351 890 1737 975 praesertim
1761 890 1936 975 apud
1958 889 2241 975 tragicos
2269 910 2345 950 ea
2367 890 2716 953 verborum

424 989 754 1073 junctura,
802 1013 929 1074 qua
974 989 1392 1073 adjectivum,
1439 990 1613 1074 quod
1662 990 1742 1053 ad
1787 990 2153 1075 genitivum
2201 989 2528 1074 quendam
2573 1013 2722 1075 pro-

431 1089 570 1174 prie
627 1090 934 1173 pertinet,
982 1114 1130 1154 cum
1175 1090 1587 1154 substantivo
1634 1090 2000 1175 genitivum
2048 1103 2317 1176 regente
2365 1091 2721 1175 conjunga-

428 1203 554 1253 tur.
645 1189 848 1274 Cujus
915 1214 1069 1254 usus
1133 1213 1326 1254 causa
1378 1190 1534 1256 inde
1592 1192 1953 1276 repetenda
1999 1204 2117 1267 est,
2165 1190 2342 1275 quod
2389 1191 2718 1277 genitivus

431 1302 497 1353 et
562 1291 1064 1368 substantivum,
1133 1314 1262 1376 quo
1322 1292 1591 1377 regitur,
1650 1292 1718 1354 in
1763 1315 1959 1355 unam
2008 1291 2333 1377 quandam
2378 1292 2718 1355 notionem

431 1392 831 1466 coalescunt,
901 1393 1137 1455 eodem
1205 1391 1344 1455 fere
1410 1392 1631 1468 modO,
1701 1416 1829 1477 quo
1898 1416 2020 1455 nos
2076 1392 2500 1456 substant-ivis
2549 1415 2721 1455 com-

429 1491 663 1576 positis
731 1492 994 1556 utimur.
1096 1492 1188 1555 Ut
1245 1493 1327 1555 ad
1371 1492 1591 1556 locum
1638 1493 1822 1556 illum
1873 1491 2392 1579 Agamemnonis
2441 1507 2722 1555 reverta-

432 1615 595 1668 mur,
652 1592 746 1656 ibi
792 1593 1156 1657 discordiae
1204 1617 1353 1657 cum
1400 1593 1598 1657 domo
1645 1593 1987 1670 coaluisse,
2032 1593 2074 1656 i.
2121 1617 2176 1656 e.
2222 1593 2292 1655 in
2340 1616 2416 1655 ea
2459 1593 2723 1678 penitus

430 1692 774 1756 inhaerere
809 1693 1135 1758 dicuntur.
1176 1733 1260 1742 -
1285 1694 1804 1757 Commemorari
1837 1695 2037 1758 debet
2064 1695 2262 1758 etiam
2289 1687 2724 1808 προςφύειν,

433 1794 612 1878 quod
657 1794 981 1880 reperitur
1027 1795 1254 1881 Suppl
1302 1797 1449 1858 276:
1496 1790 1618 1859 καὶ
1671 1795 1859 1859 ταῦτ
1872 1786 2159 1882 ἀληθῆ
2209 1787 2452 1860 πάντα
2506 1815 2725 1881 προς-

433 1887 658 1986 φύσω
714 1887 947 1982 λόγῳ.
1046 1895 1194 1958 Non
1255 1896 1410 1959 satis
1457 1897 1804 1981 perspicua
1850 1894 2011 1958 mihi
2055 1895 2319 1959 videtur
2363 1894 2720 1981 explicatio

432 1994 828 2058 Hermanni:
895 1996 1058 2060 haec'
1128 1997 1348 2059 omnia
1408 1996 1500 2060 ita
1566 1997 1854 2059 sermoni
1922 1997 2179 2082 aptabO,
2247 2009 2320 2058 ut
2376 2018 2526 2058 vera
2579 2019 2720 2058 esse

432 2109 758 2181 appareat.
867 2095 969 2160 Ita
1033 2097 1172 2160 fere
1231 2096 1751 2173 translationem,
1816 2119 1979 2181 quae
2027 2111 2127 2160 est
2169 2096 2239 2159 in
2284 2092 2723 2190 προςφύσω,

433 2195 748 2281 expedire
820 2197 1004 2260 volo:
1093 2190 1503 2291 προςφύειν
1571 2197 1837 2283 proprie
1902 2212 2003 2261 est
2049 2199 2285 2284 facere,
2351 2208 2418 2259 ut
2483 2197 2726 2281 aliquid

380 2371 389 2381 .
431 2296 720 2360 coalescat
777 2311 862 2372 ct,
921 2320 1121 2381 quum
1167 2298 1255 2375 id,
1304 2297 1478 2382 quod
1527 2298 1791 2374 coaluit,
1838 2297 2044 2361 fixum
2093 2312 2159 2362 et
2202 2298 2548 2361 immotum
2595 2321 2723 2360 ma-

433 2412 604 2474 neat,
662 2396 1214 2483 significationem
1261 2399 1530 2485 accipit:
1583 2399 1819 2484 facere,
1866 2410 1933 2461 ut
1974 2399 2214 2483 aliquid
2256 2409 2484 2461 certum
2509 2399 2631 2485 flat
2673 2410 2727 2462 et

432 2499 868 2585 comprobetur,
934 2501 1314 2588 confirmare.
1412 2499 1690 2563 Dativus
1756 2492 1965 2586 λόγῳ
2021 2513 2121 2562 est
2182 2499 2723 2563 instrumentalis.

432 2598 635 2662 Recte
703 2599 904 2685 igitur
959 2600 1162 2664 schol.
1212 2601 1527 2686 explicat:
1592 2592 1757 2665 ἀντὶ
1811 2601 1948 2666 τοῦ
1997 2591 2392 2678 αποδείξω.
2480 2599 2721 2662 Exem-

432 2698 612 2785 plum
683 2699 1087 2764 simillimum
1156 2715 1256 2765 est
1322 2701 1523 2764 Arist.
1581 2701 1752 2763 Nub.
1814 2702 1967 2765 371:
2037 2693 2267 2765 τοῦτο’
2318 2699 2406 2787 γε’
2467 2721 2578 2765 τοι
2634 2695 2721 2786 δη

438 2800 543 2885 τῷ
582 2802 736 2864 νῦν
800 2795 1011 2889 λόγω
1068 2785 1150 2866 εἶ’
1201 2801 1696 2894 προςέφυσας.
1762 2839 1847 2848 -—-
1910 2802 2094 2864 Duos
2161 2801 2344 2864 locos
2414 2801 2720 2886 adjungO,

433 2900 547 2964 ubi
592 2925 626 2962 a
674 2895 919 2994 φυτόν
960 2902 1180 2987 planta
1224 2902 1563 2965 translatio
1612 2900 1704 2965 fit.
1797 2902 2023 2987 Suppl.
2072 2904 2222 2966 281:
2280 2896 2403 2967 καὶ
2453 2899 2727 2977 Νεῖλος

433 2996 527 3066 ἂν
582 2997 892 3090 θρέψειε
946 3003 1293 3068 τοιοῦτον
1346 2996 1615 3097 φυτόν.
1665 2995 1909 3098 φυτόν
1953 3001 2059 3066 hic
2106 3026 2223 3088 pro
2256 3002 2439 3088 prole
2473 3002 2718 3065 dictum

434 3116 552 3166 est.
599 3140 683 3150 —
729 3097 1185 3197 φυτουργός,
1238 3104 1502 3189 proprie
1560 3115 1744 3180 sator,
1800 3117 1873 3166 ut
1916 3102 2043 3166 hoc
2088 3103 2397 3166 Latinum
2444 3103 2726 3166 vocabu·

431 3203 590 3281 111111,
644 3204 821 3267 idem
880 3217 981 3267 est
1025 3218 1217 3290 atque
1265 3218 1451 3291 pater
1498 3204 1724 3290 Suppl.
1773 3205 1923 3267 592:
1991 3198 2234 3292 πατὴρ
2292 3197 2729 3296 φυτουργὸς

435 3295 782 3391 αὐτόχειρ
838 3301 1039 3382 ἄναξ.

601 3405 944 3491 Frequens
1007 3406 1205 3470 etiam
1261 3420 1360 3468 est
1403 3406 1744 3470 translatio
1791 3405 1977 3469 verbi
2021 3397 2492 3486 βλαστάνειν,
2549 3403 2724 3488 quod

436 3528 636 3590 quum
703 3506 771 3569 in
840 3507 1078 3592 plantis
1142 3506 1592 3592 pullulantibus
1659 3507 1996 3592 proprium
2065 3530 2254 3569 suum
2315 3504 2724 3568 domicilium

434 3604 690 3683 habeat,
750 3607 947 3670 etiam
995 3608 1073 3671 de
1122 3607 1265 3671 aliis
1312 3607 1506 3671 rebus
1554 3631 1753 3671 sensu
1797 3608 2090 3672 nascendi
2132 3620 2500 3692 usurpatur,
2547 3627 2729 3691 prae-

435 3706 661 3770 sertim
710 3707 1018 3791 adjuncta
1062 3708 1376 3772 ubertatis
1422 3707 1931 3794 significatione.
2006 3710 2132 3794 Ag.
2170 3708 2318 3770 755:
2352 3700 2502 3772 ἐκδ
2515 3698 2731 3792 ’ἁγα-

439 3803 591 3884 θᾶς
664 3802 889 3894 τύχας
960 3807 1147 3895 γένει
1221 3801 1671 3890 βλαστάνειν
1734 3800 2147 3897 ἀκόρεστοι
2222 3800 2442 3881 οἰζύν.
2548 3807 2726 3892 Sept.

436 3910 589 3973 594:
636 3906 966 3990 βαθεῖαν
1017 3905 1258 3975 ἄλοκα
1313 3903 1434 3974 διὰ
1490 3903 1768 4003 φρενὸς
1808 3901 2352 4021 καρπούμενος,
2391 3902 2466 3986 ἐξ
2513 3893 2593 3993 ἧς
2638 3901 2727 3972 τὰ

434 4004 652 4075 κεδνα
694 4003 1097 4092 βλαστανει
1127 4004 1631 4096 βουλεύματα.
1662 4049 1748 4058 -
1775 4006 2123 4090 βλαστεῖν
2154 4008 2456 4073 transitiv
2462 4033 2499 4071 o
2532 4032 2722 4071 sensu

437 4111 724 4195 ponitur,
774 4126 845 4175 ut
890 4113 975 4176 sit
1015 4115 1286 4198 9iymre,
1332 4135 1558 4187 creare,
1607 4109 1905 4195 Choeph.
1954 4111 2107 4174 589:
2154 4107 2566 4191 βλαστοῦσι
2611 4103 2730 4173 καὶ

435 4207 857 4299 πεδαίχμιοι
901 4206 1283 4298 λαμπάδες
1312 4206 1673 4300 πεδάοροι
1707 4203 1953 4276 πτανά
1984 4232 2055 4276 τε
2087 4207 2206 4276 καὶ
2237 4204 2733 4293 πεδοβαζιιονα
