3134 4842
427 1251 819 1374 Quantum
861 1297 932 1358 in
981 1322 1060 1362 eo
1109 1323 1300 1364 curae
1346 1297 1695 1386 posuerint
1736 1296 1862 1360 viri
1908 1296 2322 1382 antiquarum
2378 1284 2716 1362 literarum

423 1397 727 1476 studiosi,
771 1415 846 1464 ut
890 1423 1264 1463 sermonem
1321 1414 1388 1465 et
1432 1386 1716 1462 dicendi
1742 1397 2013 1461 modum
2059 1399 2471 1485 singulorum
2518 1401 2719 1487 scrip·
2767 1387 2775 1401 ’

423 1514 645 1564 torum
688 1501 887 1587 idque
934 1501 1131 1565 etiam
1174 1501 1244 1564 in
1291 1502 1506 1575 rebus,
1540 1522 1705 1584 quae
1747 1499 2056 1562 minimae
2088 1499 2488 1576 viderentur,
2523 1523 2716 1585 quam

423 1602 910 1666 accuratissime
969 1603 1512 1688 pervestigarent,
1578 1600 1830 1662 nemini
1882 1600 2188 1686 ignotum
2248 1614 2367 1677 est,
2422 1601 2534 1686 qui
2581 1601 2718 1686 qui-

430 1700 599 1779 dem,
645 1726 808 1788 quos
856 1703 1072 1767 studia
1113 1703 1228 1766 illa
1270 1715 1495 1766 nostra
1538 1714 1750 1764 aetate
1795 1701 2080 1764 fecerint
2122 1724 2529 1787 progressus,
2575 1726 2720 1788 per-

425 1816 724 1888 spectum
787 1804 1044 1869 habeat.
1147 1803 1305 1882 Quis
1392 1803 1623 1878 nescit,
1701 1815 1863 1886 quot
1928 1802 2276 1879 editiones,
2330 1801 2716 1888 praesertim

424 1927 678 1975 eorum,
724 1905 1139 1990 scriptorum,
1198 1905 1310 1991 qui
1357 1904 1589 1991 optimi
1637 1902 1981 1980 habentur,
2027 1901 2129 1965 his
2177 1902 2516 1967 decenniis
2565 1927 2719 1967 con-

421 2005 637 2070 fectae
685 2006 836 2083 sint,
904 2020 1282 2091 quantoque
1347 1998 1718 2090 hae⁸vulgo
1763 2003 2234 2068 vetustioribus
2281 2001 2719 2067 antecellant?

429 2107 648 2192 Atque
695 2107 931 2171 merito
999 2107 1068 2185 ii,
1130 2106 1243 2192 qui
1286 2129 1499 2191 nuper
1539 2106 1611 2168 in
1655 2117 1954 2168 veterum
2001 2104 2258 2191 scriptis
2307 2105 2718 2191 explicandis

423 2208 668 2271 versati
712 2220 884 2285 sunt,
931 2230 1251 2271 summam
1298 2230 1564 2292 operam
1609 2205 1680 2268 in
1726 2229 1805 2269 eo
1854 2205 1979 2269 sibi
2023 2205 2477 2269 collocandam
2536 2218 2721 2292 puta-

423 2321 684 2386 verunt,
748 2322 821 2372 ut
885 2322 1386 2395 cognoscerent,
1453 2329 1617 2392 quae
1666 2309 1982 2403 cujusque
2052 2306 2387 2392 scriptoris
2455 2307 2722 2393 propria

424 2423 668 2486 essent,
714 2432 879 2494 quae
928 2410 990 2472 ei
1035 2433 1185 2473 cum
1231 2408 1373 2471 aliis
1420 2406 1815 2471 communia.
1884 2407 2014 2470 Sed
2060 2430 2260 2492 quum
2304 2406 2374 2470 id
2408 2430 2719 2493 magnum

423 2507 721 2572 laborem
789 2522 856 2572 et
925 2510 1196 2573 multam
1261 2508 1580 2595 temporis
1634 2508 2003 2594 impensam
2050 2506 2397 2585 desideret,
2445 2508 2717 2572 difficile

428 2621 550 2684 est,
598 2608 652 2670 si
699 2608 841 2693 quis
886 2633 1092 2673 unum
1139 2610 1465 2694 quendam
1511 2608 1902 2694 scriptorem
1949 2622 2058 2672 aut
2102 2605 2431 2693 majorem
2465 2621 2718 2694 partem

433 2707 573 2792 ejus
638 2709 1043 2772 tractandam
1109 2710 1417 2796 suscepit,
1466 2709 1707 2787 omnia,
1775 2732 1940 2794 quae
1988 2709 2069 2771 ad
2135 2731 2524 2772 sermonem.
2575 2710 2717 2794 ejus

427 2809 962 2896 pernoscendum
1013 2810 1368 2896 pertinent,
1413 2809 1506 2873 ita
1549 2809 1770 2873 animo
1819 2809 2399 2895 comprehendere,
2443 2822 2517 2873 ut
2552 2809 2721 2873 nihil

427 2923 814 2995 praetereat,
881 2909 1050 2974 nihil
1091 2911 1570 2998 inexplicatum
1623 2911 1970 2996 relinquat.
2059 2909 2269 2988 Quare
2325 2910 2734 2974 exstiterunt·

424 3011 572 3088 viri,
619 3011 733 3096 qui
799 3011 1088 3098 singulas
1135 3012 1556 3097 quaestiones
1605 3011 1704 3093 ad,
1731 3011 2179 3075 elocutionem
2224 3011 2559 3098 scriptoris
2610 3010 2722 3075 ali·

428 3112 616 3196 cujus
677 3112 1085 3198 pertinentes
1144 3111 1271 3177 sibi
1315 3113 1658 3198 eligerent,
1702 3125 1778 3176 ut
1821 3135 1928 3175 eas
1975 3112 2323 3198 separatim
2367 3124 2722 3175 tractarent

430 3224 529 3305 et!
558 3212 630 3275 in
699 3213 974 3298 singulis
1042 3213 1613 3277 dissertationibus
1670 3225 2138 3298 proponerent.
2227 3212 2421 3291 Quod
2474 3225 2719 3297 quanto

428 3335 580 3376 cum
646 3314 999 3377 commodo
1066 3313 1304 3379 horum
1371 3313 1740 3378 studiorum
1805 3313 1935 3376 iam
2000 3314 2248 3377 factum
2315 3313 2420 3391 sit,
2469 3337 2719 3392 omneS,

430 3412 649 3490 cred0,
718 3427 1115 3498 agnoscunt3
1183 3415 1299 3478 sed
1365 3415 1574 3478 multo
1641 3414 1848 3500 magis
1916 3437 2110 3499 quam
2177 3413 2389 3478 adhuc
2443 3414 2512 3477 id
2576 3412 2722 3478 fieri

431 3526 712 3599 oportet,
759 3512 815 3576 si
859 3529 1287 3579 monumenta
1325 3516 1662 3579 literarum
1709 3539 1795 3579 ex
1818 3515 2086 3600 antiqua
2114 3527 2324 3578 aetate
2367 3515 2560 3579 nobis
2594 3538 2724 3578 ser-

429 3628 578 3677 vata
619 3614 884 3700 penitus
951 3630 1297 3702 perspecta
1349 3628 1416 3680 et
1458 3616 1900 3702 pervestigata
1940 3616 2163 3679 futura
2206 3628 2377 3679 sunt.
2453 3606 2608 3680 ¹Hac
2650 3616 2721 3679 in

431 3733 500 3775 re
547 3713 745 3778 etiam
810 3715 937 3778 tiro
997 3739 1299 3802 campum
1351 3717 1485 3780 late
1526 3729 1864 3801 patentem
1907 3715 2125 3794 habet,
2169 3717 2238 3779 in
2286 3740 2414 3802 quo
2461 3730 2528 3780 et
2572 3740 2720 3780 suas

433 3810 601 3876 vires
669 3806 978 3905 exercere
1047 3830 1114 3880 et
1172 3818 1252 3880 ad
1294 3818 1551 3903 linguas
1600 3817 1897 3902 antiquas
1944 3817 2178 3880 melius
2226 3818 2720 3903 cognoscendas

432 3911 682 3998 aliquid
746 3917 1001 3980 adferre
1082 3918 1447 4002 adjumenti
1512 3918 1742 4004 possit,
1809 3918 1865 3985 si
1932 3917 2320 4004 scriptorem
2393 3917 2720 4003 quendam

431 4027 678 4078 attente
743 4016 1027 4103 perlegit
1091 4030 1158 4081 et
1223 4021 1461 4095 omnia,
1508 4012 1673 4104 quae
1721 4018 1801 4081 ad
1868 4019 2323 4107 quaestionem
2396 4018 2723 4105 quandam

427 4117 918 4200 grammaticam
964 4118 1319 4205 pertinent,
1365 4142 1559 4205 quam
1604 4119 1890 4183 maxime
1938 4120 2290 4206 diligenter
2334 4121 2612 4185 collecta
2656 4134 2724 4185 et

428 4217 794 4300 generatim
863 4218 1191 4305 descripta
1234 4220 1586 4306 ‘proponit
1676 4219 1820 4299 Quo
1886 4220 1980 4298 fit,
2025 4234 2100 4285 ut
2163 4222 2231 4299 ii,
2299 4221 2412 4307 qui
2479 4221 2722 4286 deinde

2600 4318 2633 4378 1
