3134 4842
2587 217 2624 279 9

414 395 597 481 quod
637 394 708 457 in
755 386 1301 458 similitudinibus
1346 386 1543 450 unius
1588 385 1769 450 tertii
1814 408 2028 472 comp.
2074 384 2250 449 inter
2279 386 2611 472 simplices
2644 400 2715 450 et

414 495 776 582 explicatas
845 516 986 558 esse
1055 490 1421 566 statuimus,
1488 511 1626 551 non
1692 486 1886 551 facile
1952 487 2024 550 in
2067 486 2197 551 hoc
2253 509 2461 572 genus
2516 487 2713 565 cadit,

415 596 533 660 sed
603 618 852 672 omnes,
920 593 1051 657 nisi
1116 591 1330 668 fallor,
1395 589 1571 652 inter
1640 587 2001 673 explicatas
2048 601 2201 651 sunt
2244 587 2709 652 numerandae.

414 696 612 760 Haud
657 696 864 759 multa
906 694 1103 779 hujus
1150 690 1414 778 generis
1460 689 1769 774 exempla
1812 688 2100 760 carmina
2141 688 2501 752 Homerica
2529 711 2715 774 prae-

412 798 612 873 bent3
658 796 844 860 velut
887 795 966 859 Il.
1014 797 1071 872 2,
1109 794 1259 857 459:

515 968 668 1013 των
723 940 821 1032 δ’,
879 939 1054 1013 ω”στ
1103 937 1444 1036 ὀρνίθων
1495 961 1872 1030 πετεηνων
1924 937 2155 1007 ἔθνεα
2218 935 2489 1026 πολλά,

503 1069 764 1135 χηνων
796 996 860 1167 ἶῆ
911 1040 1255 1137 γεράνων
1297 1038 1342 1131 ἢ
1392 1036 1683 1108 κύκνων
1736 1038 2337 1134 δουλιχοδείρων,

503 1140 731 1237 ΜΛσιῳ
786 1144 861 1215 έν
912 1146 1245 1233 λειμωνι,
1301 1144 1728 1234 Καϋστρίου
1780 1136 1983 1238 ἀμφὶ
2035 1140 2341 1235 ῥέεθρα,

514 1247 707 1317 ἔνθα
756 1245 879 1315 καὶ
931 1245 1124 1316 ἔνθα
1176 1248 1558 1314 ποτῶνται
1614 1237 2100 1333 άγαλλόιιενα
2150 1239 2658 1337 πτερύγεσσιν,

513 1343 942 1471 κλαγγηδὸν
992 1340 1642 1439 προκαθιζόντων,
1700 1353 2074 1438 σμαραγεῖ
2117 1342 2202 1412 δέ
2239 1368 2315 1412 τε
2365 1339 2671 1432 λειμών,

517 1473 620 1529 ως
673 1452 826 1517 τῶν
878 1447 1108 1517 ἔθνεα
1159 1443 1408 1515 πολλὰ
1463 1450 1655 1514 νεεῦν
1707 1446 1858 1514 ἄπο
1911 1443 2032 1514 καὶ
2074 1441 2433 1514 κλισιάων

514 1547 583 1629 ές
633 1549 891 1619 πεδιόν
939 1550 1352 1641 προχέοντο
1405 1542 1965 1638 Σκαμάνδριον·
2022 1541 2262 1640 αὐτὰρ
2303 1542 2447 1615 ’ὑπὸ
2477 1542 2714 1635 χθών

516 1649 972 1745 σμερδαλέον
1022 1645 1369 1733 κονάβιζε
1420 1646 1684 1758 ποδοῖν
1736 1643 1990 1716 αὐτῶν
2044 1671 2120 1715 τε
2168 1644 2291 1715 καὶ
2341 1648 2605 1716 ἵππων.

415 1803 881 1869 Similitudinis
925 1804 1091 1868 ratio
1137 1803 1246 1869 hic
1292 1817 1359 1868 et
1400 1804 1471 1867 in
1517 1803 1941 1867 multitudine
1985 1816 2409 1879 catervarum,
2443 1825 2606 1887 quae
2638 1802 2709 1865 in

415 1928 717 1992 campum
764 1904 1214 1983 effunduntur,
1261 1918 1329 1969 et
1369 1905 1439 1968 in
1486 1904 1785 1991 strepitu,
1833 1927 2028 1989 quem
2075 1903 2385 1980 excitant,
2429 1903 2623 1966 inest.

581 2008 962 2090 Antequam
1030 2006 1112 2069 ad
1192 2006 1469 2069 alterum
1533 2004 1899 2090 imaginum
1970 2027 2178 2090 genus
2242 2017 2527 2081 transeO,
2599 2002 2711 2067 hic

416 2107 743 2170 monitum
787 2106 991 2169 velim
1036 2130 1174 2170 non
1222 2130 1451 2170 omnes
1500 2106 2047 2192 comparationes,
2077 2105 2122 2168 i.
2156 2128 2212 2168 e.
2248 2105 2411 2168 tales
2444 2104 2711 2167 dicendi

413 2206 679 2285 formas,
728 2207 963 2292 quibus
1011 2207 1176 2271 duae
1222 2230 1326 2271 res
1374 2219 1855 2293 comparentur,
1904 2206 2369 2270 similitudines
2416 2228 2558 2269 esse
2601 2204 2715 2267 ha-

413 2307 683 2372 bendas.
768 2308 938 2371 Nam
1005 2308 1061 2371 si
1126 2321 1304 2380 recte
1373 2308 1739 2385 statuimUS,
1803 2306 2111 2393 imaginis
2157 2307 2499 2393 proprium
2545 2329 2712 2383 esse,

415 2408 596 2493 quod
657 2408 734 2486 is,
783 2408 896 2493 qui
962 2431 1106 2471 eam
1160 2408 1448 2486 adhibet,
1494 2409 1986 2495 comparatione
2033 2408 2318 2471 orationi
2374 2430 2525 2471 suae
2581 2429 2713 2469 ma·

413 2510 630 2592 jorem
697 2522 998 2572 ornatum
1066 2522 1132 2572 et
1197 2509 1483 2573 nitorem
1551 2509 1780 2572 afferre
1846 2509 2030 2586 velit,
2096 2508 2251 2571 inde
2320 2507 2501 2571 effici
2546 2507 2714 2570 mihi

417 2607 680 2671 videtur
721 2608 791 2672 id
832 2610 927 2673 ita
968 2609 1114 2673 fieri
1156 2632 1428 2674 necesse
1477 2632 1641 2687 esse,
1687 2623 1761 2673 ut
1792 2610 2011 2673 animo
2046 2609 2173 2672 sibi
2203 2607 2410 2693 fingat
2441 2608 2710 2692 aliquid,

420 2708 600 2793 quod
665 2732 813 2774 cum
880 2733 958 2773 ea
1020 2733 1111 2787 re,
1180 2733 1343 2795 quae
1407 2709 1795 2774 illustranda
1858 2723 1977 2786 est,
2031 2709 2363 2795 insignem
2409 2708 2714 2773 similitu-

419 2808 643 2873 dinem
687 2812 1015 2897 praebeat.
1099 2811 1207 2875 Ex
1253 2834 1384 2896 quo
1431 2810 1828 2896 intelligitur
1869 2810 1940 2874 in
1986 2832 2373 2895 unaquaque
2420 2809 2709 2894 imagine

417 2899 780 2975 secundum
826 2912 1335 2997 comparationis
1382 2913 1751 2976 membrum
1795 2935 1935 2975 rem
1981 2934 2123 2974 esse
2172 2924 2497 2997 oportere,
2544 2932 2713 2994 quae

414 3009 562 3075 fieri
633 3035 852 3098 posse,
926 3035 1063 3075 non
1137 3035 1206 3075 re
1279 3036 1435 3076 vera
1506 3013 1680 3077 facta
1752 3036 1894 3077 esse
1968 3012 2077 3075 vel
2148 3010 2293 3074 fieri
2363 3010 2722 3096 cogitetur:

416 3111 617 3176 Plane
686 3113 814 3176 alia
874 3112 1040 3176 ratio
1109 3126 1227 3191 est,
1297 3136 1499 3198 quum
1565 3114 1802 3199 aliquis
1871 3114 2028 3177 duas
2071 3136 2174 3176 res
2229 3111 2506 3188 confert,
2560 3133 2715 3195 qua·

414 3236 562 3276 rum
631 3225 975 3297 utramque
1041 3236 1110 3276 re
1177 3237 1333 3277 vera
1395 3214 1504 3278 vel
1569 3214 1776 3278 fuisse
1841 3214 1951 3297 vel
2016 3236 2158 3276 esse
2207 3212 2484 3297 cogitat3
2532 3211 2712 3295 quod

417 3336 621 3398 quum
665 3314 845 3391 facit,
877 3314 1433 3400 perspicuitatem,
1466 3338 1604 3378 non
1636 3315 2058 3401 splendorem
2089 3312 2405 3377 orationis
2438 3325 2713 3398 spectat.

415 3413 631 3478 Nemo
701 3414 827 3478 sibi
894 3416 1286 3500 persuadeat
1346 3416 1511 3479 tales
1580 3415 2105 3501 comparationes
2165 3436 2309 3477 esse
2352 3413 2711 3499 imagines3

416 3513 537 3577 hae
606 3514 785 3578 enim
853 3515 1131 3601 semper,
1199 3529 1274 3581 ut
1346 3539 1431 3579 ex
1496 3517 1643 3603 ipso
1713 3516 1982 3579 nomine
2047 3527 2335 3600 apparet,
2382 3515 2459 3578 ab
2507 3513 2709 3577 animi

415 3614 738 3700 imagines
812 3615 1235 3700 concipiendi
1300 3616 1611 3681 facultate
1680 3610 2208 3703 proficiscuntur.
2316 3614 2717 3679 Differentia

358 3773 365 3780 ,
414 3714 530 3777 illa
559 3738 690 3800 quo
724 3716 960 3779 melius
1000 3715 1428 3803 intelligatur,
1461 3717 1843 3803 exemplum
1876 3740 1961 3781 ex
1990 3715 2327 3800 Aeschylo
2376 3728 2713 3801 sumptum

417 3814 704 3879 afferam.
795 3815 1093 3902 Choeph.
1161 3819 1239 3880 96
1308 3840 1510 3902 quum
1571 3818 1837 3882 Electra
1899 3818 1992 3881 ita
2033 3818 2424 3902 interrogat·
2473 3811 2516 3902 ἡ
2573 3807 2710 3903 σῖγ’

417 3906 726 4000 άτιμως,
811 3910 1061 4006 ὥσπερ
1138 3902 1274 3982 οὖν
1349 3903 1702 3984 απω’λετο
1781 3913 2048 4006 πατήρ,
2133 3909 2299 3983 τάδ’
2381 3913 2710 4002 εκχέασα,

418 4008 758 4103 γάποτον
820 4010 1064 4104 χύσιν,
1140 4019 1427 4105 στείχω,
1503 4020 1907 4106 comparatio
1975 4043 2053 4082 ea
2118 4017 2385 4104 quidem
2431 4030 2549 4095 est,
2597 4017 2713 4080 sed

419 4140 556 4181 non
582 4117 979 4195 similitudo;
1011 4117 1128 4182 sed
1152 4142 1353 4205 quum
1380 4120 1630 4184 ibidem
1661 4122 1754 4185 ita
1782 4121 2225 4208 persequitur.
2256 4109 2711 4205 καθάρμαθ’

421 4210 528 4294 ὥς
603 4239 711 4294 τις
786 4214 1161 4307 ἐκπέμψας
1231 4215 1458 4287 πάλιν
1533 4217 1843 4287 δικοῦσα
1908 4224 2164 4308 τεῦχος
2214 4211 2718 4313 ἀστρόφοισιν
