3134 4842
2566 198 2650 260 87

444 361 558 425 hic
612 374 833 424 tamen
893 361 1139 446 optime
1185 360 1403 425 locum
1449 360 1689 425 habere
1735 363 2063 439 videntur,
2111 387 2310 448 quum
2356 377 2619 449 poetam
2664 365 2732 428 in

448 462 531 525 iis
599 460 982 548 praesertim
1049 462 1128 524 de
1188 462 1372 546 equis
1419 461 1741 548 cogitasse
1789 463 2128 549 probabile
2176 463 2279 528 sit.
2368 464 2733 528 Nonnullas

448 585 694 639 earum,
753 563 823 625 in
870 562 1103 646 quibus
1151 562 1303 646 equi
1346 563 1671 626 nominati
1716 578 1886 642 sunt,
1932 565 2061 627 iam
2109 586 2302 650 supra
2347 564 2553 628 attuli.
2645 565 2734 629 Ut

450 664 654 750 igitur
698 686 735 725 a
763 664 918 748 juyo
965 662 1196 740 ordiar,
1243 662 1555 747 frequens
1603 663 1796 748 hujus
1842 664 2145 751 imaginis
2192 687 2348 729 usus
2390 681 2491 729 est
2520 666 2599 728 de
2632 666 2732 740 iis,
2779 734 2786 739 ‚

448 764 563 850 qui
632 762 994 828 arctissima
1048 763 1359 827 societate
1407 764 1625 848 aliqua
1666 765 1776 828 vel
1820 765 2145 829 amicitiae
2191 766 2299 829 vel
2343 767 2580 830 amoris
2625 767 2732 829 vel

451 865 618 928 alius
684 865 943 950 generis
1009 864 1181 927 inter
1235 887 1304 927 se
1352 865 1692 949 conjuncti
1737 880 1907 929 sunt.
1995 865 2095 929 Ita
2138 867 2267 953 Ag.
2311 868 2395 929 44
2438 867 2731 944 Atridae,

452 979 520 1029 et
581 966 732 1049 quia
787 966 1121 1028 communi
1163 964 1441 1050 imperio
1485 978 1727 1029 terram
1773 979 2011 1052 regunt
2054 980 2121 1030 et
2164 968 2247 1030 ob
2294 968 2729 1044 concordiam,

452 1065 708 1152 ζεῦγος
764 1060 1197 1153 Ἀτρείδαιν,
1251 1067 1410 1151 biqn,
1466 1081 1811 1144 vocantur3
1859 1067 2035 1152 quod
2076 1066 2249 1130 idem
2299 1068 2515 1132 verbis
2562 1081 2737 1132 ante·

444 1167 858 1243 cedentibus,
906 1189 1068 1252 quae
1117 1189 1201 1229 ex
1245 1163 1500 1254 ζεῦγος
1544 1168 1857 1252 pendent,
1889 1162 2262 1256 διθρόνου
2290 1165 2409 1234 καὶ
2442 1163 2738 1256 δισκήπ-

458 1287 639 1356 τρου
714 1268 943 1355 τιμῆς,
1019 1265 1442 1354 significatur.
1560 1267 1801 1332 Intima
1881 1270 2262 1354 conjunctio
2330 1268 2738 1355 significatur

456 1367 651 1431 etiam
698 1367 804 1432 Fr.
838 1369 958 1432 311
1003 1391 1066 1432 a:
1115 1362 1310 1434 ὅπου
1341 1363 1487 1459 γὰρ
1520 1364 1724 1454 ἰσχὺς
1755 1368 2147 1457 συζυγοῦσι
2187 1367 2304 1435 καὶ
2339 1366 2523 1458 δίκη,
2559 1367 2739 1437 ποία

455 1466 765 1558 ξυνωρὶς
817 1464 1032 1557 τῆσδε
1071 1466 1625 1561 καρτερωτέρα,·
1662 1508 1747 1517 -
1775 1469 1870 1534 Ut
1896 1470 2116 1534 Latini
2149 1471 2531 1557 conjugium
2568 1471 2739 1535 dice-

452 1572 631 1646 bant,
697 1572 790 1634 ita
853 1569 1049 1635 etiam
1117 1568 1350 1634 Graeci
1415 1574 1874 1635 matrimonium
1927 1571 2214 1658 imagine
2263 1594 2298 1634 a
2334 1572 2497 1658 jugo
2545 1572 2738 1635 ducta

456 1671 780 1734 illustrare
848 1671 1165 1735 solebant.
1275 1671 1350 1734 In
1420 1695 1546 1756 qua
1604 1671 1891 1758 imagine
1948 1672 2064 1734 vix
2111 1695 2274 1757 opus
2323 1685 2423 1735 est
2466 1695 2735 1735 monere

460 1772 704 1835 nullam
787 1772 1003 1835 oneris
1081 1786 1148 1836 et
1222 1772 1560 1835 molestiae
1639 1772 2190 1859 significationem
2257 1772 2494 1848 inesse,
2563 1773 2735 1857 quod

450 1871 661 1950 fieret,
729 1874 782 1936 si
848 1895 967 1936 nos
1036 1896 1177 1935 eam
1245 1873 1323 1936 ad
1372 1873 1646 1936 eandem
1705 1896 1841 1936 rem
1888 1872 2366 1949 adhiberemus,
2413 1873 2528 1936 sed
2573 1872 2737 1936 nihil

442 1972 630 2035 aliud
685 1995 878 2057 quam
922 1973 992 2036 id
1038 1973 1276 2037 amoris
1324 1987 1390 2037 et
1434 1974 1923 2038 communitatis
1968 1973 2326 2051 vinculum,
2374 1996 2503 2058 quo
2551 1973 2740 2036 mari-

450 2087 556 2138 tus
624 2090 692 2136 et-
755 2097 924 2138 uxor
990 2074 1327 2159 conjuncti
1393 2097 1535 2137 esse
1605 2074 1869 2151 debent,
1932 2074 2275 2150 declarari3
2322 2075 2498 2159 quod
2545 2097 2737 2159 quam

452 2188 601 2261 apte
650 2198 798 2238 cum
837 2176 1021 2261 jugO,
1068 2197 1197 2259 quo
1243 2175 1373 2238 duo
1412 2175 1715 2258 jumenta
1759 2175 2153 2261 colligantur
2196 2189 2263 2238 et
2317 2176 2397 2239 ad
2452 2197 2739 2239 commu·

449 2276 725 2338 nitatem
770 2275 1008 2339 laboris
1053 2276 1460 2361 rediguntur,
1507 2289 1939 2361 comparetur,
1985 2299 2180 2339 nemo
2228 2290 2345 2353 est,
2393 2277 2550 2361 quin
2597 2299 2740 2340 sen-

451 2377 589 2440 tiat.
679 2375 779 2439 Ita
824 2375 1118 2462 Choeph.
1165 2377 1286 2440 599
1330 2376 1400 2438 in
1444 2376 1592 2440 loco
1638 2377 2038 2462 perobscuro
2095 2370 2453 2458 συζύγους
2505 2371 2736 2462 ὁμαυ-

454 2474 613 2552 λίας
656 2477 1072 2540 matrimonia
1113 2477 1421 2540 videntur
1466 2476 1856 2561 significare.
1942 2477 2160 2540 Etiam
2206 2477 2419 2541 solum
2459 2477 2739 2542 vocabu-

454 2576 590 2640 lum
660 2572 970 2664 σύζυγος
1033 2578 1111 2641 ab
1177 2577 1495 2663 Euripide
1563 2600 1762 2641 sensu
1829 2577 2129 2664 conjugis
2184 2592 2532 2664 usurpatur
2590 2578 2738 2642 Alc.

456 2680 600 2753 314,
666 2679 807 2742 342.
918 2678 1094 2741 Pers.
1165 2679 1284 2742 139
1344 2672 1672 2764 μονόζυξ
1735 2677 1815 2742 de
1881 2701 2088 2742 uxore
2146 2701 2182 2741 a
2236 2679 2467 2741 marito
2512 2678 2741 2742 relicta

454 2778 697 2842 dicitur
739 2778 1169 2865 »metaphora
1202 2778 1398 2842 ducta
1442 2779 1519 2842 ab
1567 2779 1753 2863 equis
1801 2778 2017 2842 eidem
2054 2779 2219 2865 jugo
2268 2778 2554 2842 adsuetis
2583 2778 2740 2841 iam-

456 2901 584 2963 que
630 2879 800 2943 inter
845 2903 912 2943 se
960 2879 1341 2964 disjunctis»
1388 2879 1648 2943 Schiitz.
1739 2879 1915 2943 Pers.
1963 2880 2113 2943 541:
2161 2880 2244 2944 αἱ
2279 2872 2741 2970 δ”ἆβρόγοοι

459 2977 813 3071 Περσίδες
852 2973 1153 3069 ἀνδρῶν
1185 2975 1610 3046 ποθέουσαι
1644 2975 1822 3046 ἰδεῖν
1856 2972 2302 3071 ἀρτιζυγίαν.
2356 2973 2742 3069 ἄρτιζυγία

455 3093 558 3145 est
620 3085 869 3167 nuptiae
933 3104 1128 3167 nuper
1167 3084 1411 3165 semeae,-
1474 3073 1780 3173 ἄνδρσὸν
1830 3073 2256 3172 ἀρτιζυγίαν
2307 3105 2424 3168 pro
2470 3076 2744 3169 ἄνδρας

454 3174 893 3272 ἄρτιζύγους
946 3182 1193 3246 dictum
1262 3194 1362 3245 est
1416 3182 1908 3247 constructione
1966 3182 2138 3268 apud
2183 3195 2409 3268 poetas
2458 3181 2739 3246 Graecos

457 3305 590 3346 non
657 3283 942 3360 insolita,
1011 3307 1136 3368 qua
1203 3283 1684 3347 substantivum
1752 3284 2169 3360 abstractum,
2231 3283 2400 3367 quod
2450 3295 2739 3360 vocatur,

457 3406 607 3447 cum
673 3384 983 3469 genetivo
1052 3384 1494 3469 conjungitur,
1558 3384 1676 3447 ubi
1740 3407 1860 3447 nos
1912 3406 2031 3470 pro
2088 3383 2399 3470 genetivo
2447 3384 2742 3447 substan-

454 3485 667 3547 tivum
722 3507 977 3570 regens,
1034 3506 1155 3570 pro
1203 3484 1613 3549 substantivo
1658 3484 1916 3571 regenti
1961 3484 2358 3568 adjectivum
2404 3498 2742 3571 exspecta-

454 3608 634 3661 mus;
682 3585 828 3649 cnfr
872 3585 1228 3649 Homerica
1272 3584 1580 3651 Αἰνείαο
1616 3582 1772 3669 βία,
1803 3584 2029 3671 μένος
2054 3577 2498 3669 Ἀλκινόοιο,
2536 3583 2744 3671 ἕρκος

458 3678 816 3752 ὀδόντων.
886 3724 972 3735 -
1035 3685 1475 3771 Frequentius
1536 3685 1734 3751 etiam
1791 3686 2010 3773 imago
2049 3686 2197 3773 jugi
2241 3684 2333 3751 ita
2377 3685 2740 3763 adhibetur,

454 3798 530 3850 ut
575 3787 844 3852 omnino
893 3810 988 3863 ea,
1034 3809 1198 3873 quae
1244 3787 1524 3851 molesta
1565 3787 1716 3864 sint,
1761 3800 2021 3874 cogant,
2053 3788 2509 3852 necessitatem
2548 3787 2743 3851 alicui

455 3887 820 3973 imponant,
867 3888 1174 3953 declaret.
1262 3887 1729 3974 Pervulgatum
1776 3900 1878 3953 est
1906 3890 2135 3975 juyum
2177 3891 2494 3952 servituti-3.
2564 3888 2740 3952 Pers.

448 3989 570 4052 -502
619 3991 912 4055 στεῦται
967 3982 1257 4081 δ”ἰεροῦ
1302 3983 1633 4075 Τμώλου
1667 3984 1981 4055 πελάται
2017 3982 2246 4078 ζυγὸν
2279 3980 2743 4082 ἀμφιβαλεῖν

450 4083 765 4156 δούλιον
829 4084 1159 4156 Ἑλλάδι.
1269 4091 1397 4175 Ag.
1465 4090 1620 4155 953:
1688 4085 1877 4157 ἑκών
1950 4085 2097 4182 γὰρ
2164 4081 2402 4166 οὐδεὶς
2464 4084 2740 4179 δουλίῳ

446 4191 724 4284 χριῆται
791 4191 1009 4281 ζυγῷ.
1122 4192 1247 4277 Ag.
1319 4193 1511 4256 1226:
1582 4189 1836 4285 φέρειν
1900 4185 2046 4282 γὰρ
2089 4186 2239 4283 χρὴ
2297 4185 2383 4257 τὸ
2438 4184 2745 4258 δούλιον
