3134 4842
2535 187 2617 249 45

405 354 846 441 (Philologus,
893 355 993 429 20,
1038 376 1102 439 p.
1149 353 1259 437 64)
1300 347 1540 439 ῥεῦμα
1589 351 1659 415 111
1712 346 1916 441 ῥῦαα
1967 366 2239 416 mutare.
2280 389 2365 400 —
2407 349 2703 415 Verbum

408 447 717 546 εὖροεῖν,
761 454 906 518 bene
933 452 1154 540 fluere,
1200 453 1556 517 secundam
1604 452 1937 516 fortunam
1984 452 2297 538 exprimit
2335 452 2513 515 Pers,
2547 453 2700 515 601:

412 549 599 622 ὅταν
649 550 698 621 δ
709 547 781 621 ’ὁ
836 550 1129 640 δαιμων
1181 545 1432 646 εὐροῇ.
1520 552 1685 617 Inde
1733 553 2003 617 ductum
2050 566 2151 618 est
2195 547 2477 641 εὔροια,
2525 553 2702 637 quod

412 657 799 744 praesertim
830 679 866 718 a
896 654 1374 719 recentioribus
1408 655 1640 718 eodem
1674 653 1988 718 translato
2014 676 2213 718 sensu
2237 653 2701 740 usurpabatur:

413 753 673 848 εὔροια
748 757 886 823 τοῦ
956 754 1132 836 βίου
1205 779 1324 842 pro
1401 746 1857 839 εὐδαιμονία.
1929 792 2015 803 -
2082 753 2377 873 Choeph.
2435 755 2545 817 67:
2593 746 2704 818 δι’

414 849 683 945 αἱματ’
760 848 1188 925 ἐκποθένθ’
1269 851 1415 922 ὑπὸ
1478 850 1777 943 χθονὸς
1852 855 2154 950 τροφοῦ
2216 855 2416 931 τίτας
2469 846 2707 948 φόνος

412 956 736 1047 πέπηγεν
791 949 883 1025 οὗ
938 950 1368 1048 διαρρύδαν.
1433 949 1846 1047 διαρρύδαν
1907 955 2286 1020 adverbium
2350 968 2468 1032 est,
2529 954 2706 1040 quod

415 1061 679 1147 proprie
727 1057 1081 1147 significat:
1136 1062 1244 1132 ita
1287 1071 1355 1122 ut
1396 1079 1518 1122 non
1562 1056 1836 1144 dfffluat.
1922 1055 2176 1121 Eadem
2221 1055 2424 1143 igitur
2465 1056 2707 1142 imagO,

418 1184 583 1246 quae
627 1162 696 1224 in
741 1158 1063 1247 πέπηγεν
1104 1159 1297 1234 inest,
1345 1158 1794 1233 continuatur:
1842 1158 2106 1244 sanguis
2152 1156 2488 1222 interfecti
2532 1158 2708 1243 Aga-

416 1260 790 1325 memnonis
837 1253 1134 1353 (φόνος)
1180 1260 1365 1345 quasi
1409 1259 1797 1345 congelatus
1844 1270 1945 1321 est
1987 1281 2201 1343 neque
2248 1247 2520 1330 diffluit.
2559 1257 2603 1320 i.
2650 1281 2706 1321 e.

417 1385 664 1448 poenas
709 1361 1213 1426 interfectorum
1260 1359 1592 1446 postulare
1640 1382 1777 1423 non
1823 1358 2087 1422 desinit.

584 1462 1044 1526 Translatione
1092 1461 1287 1525 etiam
1335 1475 1595 1525 nostrae
1641 1460 1907 1546 linguae
1953 1458 2261 1522 familiari
2276 1460 2452 1546 fons,
2480 1471 2555 1522 ut
2593 1458 2707 1544 qui

416 1563 707 1627 rivorum
755 1563 941 1648 origo
988 1562 1091 1640 sit,
1144 1562 1414 1625 omnino
1448 1584 1564 1646 pro
1596 1584 1799 1636 causa,
1832 1562 2070 1645 oriyine
2098 1560 2495 1636 nominatur,
2528 1583 2711 1645 prae-

417 1664 645 1728 sertim
691 1664 747 1726 si
790 1663 1215 1727 indicandum
1262 1674 1361 1726 est
1405 1661 1655 1746 aliquid
1699 1660 1876 1747 large
1925 1673 1992 1725 et
2036 1661 2177 1723 sine
2218 1659 2706 1724 intermissione
2777 1656 2784 1660 ’

419 1787 506 1828 ex
572 1763 790 1849 aliqua
854 1787 924 1828 re
987 1764 1327 1827 exsistere.
1429 1763 1608 1826 PerS.
1664 1762 1787 1826 238
1834 1761 1915 1824 de
1962 1760 2245 1824 metallis
2293 1746 2706 1848 argentariis:

311 1896 316 1900 ·
417 1856 763 1955 αργύρου
805 1858 1009 1954 πηγή
1052 1886 1160 1941 τις
1200 1858 1455 1939 αυτοῖς
1496 1861 1673 1945 ἔστι,
1721 1854 2115 1951 θησαυρὸς
2145 1852 2463 1948 χθονός.
2531 1860 2711 1923 Pe1·.s

420 1967 571 2030 743:
639 1967 772 2031 νῦν
842 1985 1095 2031 κακων
1168 1964 1358 2032 ἔοικε
1428 1956 1628 2052 πηγὴ
1699 1981 1926 2028 πασιν
1999 1956 2379 2053 ηὑρῆσθαι
2441 1958 2708 2075 φίλοις.

419 2067 637 2131 Prom.
685 2068 840 2131 110:
887 2057 1641 2157 ναρθηκοπλήρωτον
1684 2058 1762 2131 δὲ
1808 2060 2172 2155 θηρῶμαι
2210 2055 2446 2156 πυρὸς
2471 2081 2717 2150 πηγην

417 2166 806 2235 κλοπαιαν.
920 2167 1098 2253 Sept.
1157 2167 1310 2232 584.
1362 2159 1650 2253 μητρός
1702 2186 1779 2231 τε
1829 2158 2073 2254 πηγὴν
2124 2164 2228 2240 τίς
2275 2160 2710 2245 κατασβέσει

419 2263 601 2356 δίκη.
711 2268 927 2333 Mater
991 2268 1351 2332 liberorum
1419 2267 1605 2352 quasi
1663 2264 1813 2330 fons
1872 2280 1990 2330 est.
2048 2305 2133 2315 —
2175 2265 2513 2330 Lacrimae
2561 2287 2710 2329 cum

420 2368 607 2433 fonte
675 2382 1136 2455 comparantur
1213 2368 1429 2432 Prom.
1495 2369 1649 2432 401:
1725 2361 2042 2460 παρειὰν
2112 2367 2387 2442 νοτίοις
2458 2364 2713 2453 ἔτεγξα

423 2474 715 2557 παγαῖς.
815 2472 941 2556 Ag.
1000 2471 1152 2534 888:
1213 2469 1467 2556 ἔμοιγε
1521 2462 1657 2533 ιιὲν
1699 2462 1788 2556 δὴ
1838 2460 2293 2551 κλαυμάτων
2339 2466 2709 2533 ἐπίσσυτοι

424 2564 653 2658 πηγαὶ
701 2564 1217 2658 κατεσβήκασι,
1270 2560 1449 2636 οὐδ’
1504 2568 1606 2635 ἔνι
1653 2562 1976 2657 σταγών.
2019 2608 2103 2617 -
2147 2570 2212 2631 Α
2257 2566 2441 2631 fonte
2491 2567 2709 2654 imago
2801 2630 2808 2639 ι

425 2669 631 2755 petita
695 2693 837 2734 esse
904 2671 1168 2735 videtur
1233 2671 1411 2735 Pers.
1479 2671 1634 2735 814:
1712 2660 2055 2737 κούδέπω
2134 2668 2385 2734 κακῶν
2455 2662 2713 2755 κρηπὶς

424 2763 742 2856 ὕπεστιν,
817 2762 1002 2837 ἀλλ’
1077 2764 1194 2838 ἔτ’
1267 2764 1706 2838 ἐκπιδύεται.
1774 2762 2185 2838 ἐκπιδύεται
2238 2793 2359 2855 pro
2407 2767 2709 2832 codicum

424 2863 920 2939 ἕκπαιδεύεται
987 2872 1225 2937 Schiitz
1282 2872 1556 2950 invenit,
1605 2894 1798 2957 quam
1848 2872 2293 2955 conjecturam
2337 2892 2544 2955 prope
2578 2892 2712 2932 om-

422 2996 538 3037 nes
584 2974 1031 3060 probaverunt
1058 2997 1191 3038 una
1220 2996 1370 3037 cum
1402 2972 1847 3059 explicatione
1881 2972 2208 3057 ejusdem:
2248 2992 2500 3055 »neque
2534 2969 2710 3033 enim

420 3073 549 3138 iam
617 3075 846 3139 subest
897 3074 1143 3138 fundus
1202 3074 1544 3150 malorum,
1592 3073 1707 3137 sed
1754 3074 1975 3160 potius
2023 3073 2382 3137 etiamnum
2430 3070 2709 3134 emicare

422 3187 489 3238 et
552 3175 866 3239 scaturire
920 3188 1261 3263 pergunt».
1361 3175 1602 3239 Addit:
1658 3173 1913 3260 »imago
1959 3173 2164 3260 petita
2209 3185 2310 3237 est
2353 3194 2439 3235 ex
2482 3184 2712 3234 natura

421 3273 731 3340 fonticuli
787 3289 900 3340 aut
942 3276 1146 3362 putei,
1193 3277 1305 3361 qui
1350 3299 1484 3339 non
1530 3276 1712 3361 prius
1758 3274 2142 3338 exhauritur
2186 3295 2379 3358 quam
2426 3271 2506 3335 ad
2566 3270 2712 3334 fun-

423 3374 580 3440 dum
646 3377 1084 3463 perveneris».
1193 3377 1533 3441 Hermann
1591 3375 1768 3439 solus
1824 3375 1994 3439 hanc
2040 3373 2550 3459 explicationem
2596 3373 2713 3435 im-

422 3477 676 3562 probat,
701 3477 988 3563 primum
1022 3478 1198 3564 quod
1226 3476 1487 3566 κρηπίς
1513 3499 1649 3541 non
1667 3478 1973 3564 fundum,
2004 3475 2141 3552 sed,
2173 3496 2375 3559 quum
2400 3472 2709 3537 translate

420 3593 794 3664 usurpetur,
862 3601 1123 3665 semper
1186 3581 1434 3642 initium
1495 3575 1843 3664 significet.
1961 3574 2219 3664 κρηπίς
2281 3575 2544 3660 proprie
2614 3587 2714 3637 est

409 3677 893 3763 fundamentum
936 3678 1046 3742 vel
1081 3680 1364 3764 podium,
1410 3678 1586 3764 quod
1634 3701 1834 3763 quum
1880 3678 1949 3740 in
1980 3675 2389 3741 aedificando
2426 3674 2711 3761 primum

425 3776 529 3853 sit,
572 3777 642 3842 in
689 3779 1245 3866 significationem
1287 3781 1454 3843 initii
1503 3779 1946 3865 transmigrat.
2035 3777 2163 3842 Sed
2207 3777 2386 3840 idem
2429 3776 2498 3839 in
2532 3798 2712 3839 ever-

424 3877 626 3942 tendo
692 3879 998 3944 ultimum
1057 3894 1186 3957 est:
1256 3903 1455 3965 quare
1501 3879 1696 3943 facile
1741 3878 1888 3942 fieri
1930 3892 2170 3965 potest,
2217 3891 2291 3941 ut
2330 3875 2589 3965 κρηπίς
2632 3875 2711 3939 ad

424 3975 679 4042 fontem
744 3972 1058 4045 translata
1100 3984 1406 4068 fundum,
1463 3980 1706 4066 quippe
1765 3981 1845 4044 ad
1894 4003 2109 4063 quem,
2157 4001 2358 4064 quum
2412 3976 2714 4041 exhauri-

423 4091 532 4143 tur
607 4079 778 4157 fons,
856 4081 1161 4145 ultimum
1202 4081 1682 4169 'perveniatur,
1762 4079 2111 4167 significet.
2236 4078 2404 4141 Tum
2484 4077 2710 4140 Herm.
2813 4076 2822 4083 ’

425 4177 722 4244 Schiitzii
787 4174 1197 4249 ἐκπιδύεται
1265 4207 1412 4247 cum
1482 4182 1810 4246 sententia
1875 4181 2008 4245 loci
2070 4200 2433 4266 congruere
2491 4194 2710 4265 negat,
