<?xml version="1.0" encoding="UTF-8"?>
<!DOCTYPE html PUBLIC "-//W3C//DTD XHTML 1.0 Transitional//EN"
    "http://www.w3.org/TR/xhtml1/DTD/xhtml1-transitional.dtd">
<html xmlns="http://www.w3.org/1999/xhtml" xml:lang="en" lang="en">
 <head>
  <title>
</title>
<meta http-equiv="Content-Type" content="text/html;charset=utf-8" />
  <meta name='ocr-system' content='tesseract 3.04.00' />
  <meta name='ocr-capabilities' content='ocr_page ocr_carea ocr_par ocr_line ocrx_word'/>
</head>
<body>
  <div class='ocr_page' id='page_1' title='image "./deimaginibusaes00dahlgoog_0063.png"; bbox 0 0 3134 4842; ppageno 0'>
   <div class='ocr_carea' id='block_1_1' title="bbox 2557 227 2635 290">
    <p class='ocr_par' dir='ltr' id='par_1_1' title="bbox 2557 227 2635 290">
     <span class='ocr_line' id='line_1_1' title="bbox 2557 227 2635 290; baseline 0.013 -1"><span class='ocrx_word' id='word_1_1' title='bbox 2557 227 2635 290; x_wconf 79' lang='lat'>57</span> 
     </span>
    </p>
   </div>
   <div class='ocr_carea' id='block_1_2' title="bbox 430 385 2724 2798">
    <p class='ocr_par' dir='ltr' id='par_1_2' title="bbox 433 385 2724 1287">
     <span class='ocr_line' id='line_1_2' title="bbox 439 385 2723 483; baseline -0 -25"><span class='ocrx_word' id='word_1_2' title='bbox 439 396 580 459; x_wconf 87' lang='lat' dir='ltr'>nies</span> <span class='ocrx_word' id='word_1_3' title='bbox 646 408 976 479; x_wconf 82' lang='lat' dir='ltr'><strong>tamquam</strong></span> <span class='ocrx_word' id='word_1_4' title='bbox 1047 418 1130 458; x_wconf 85' lang='lat' dir='ltr'>ex</span> <span class='ocrx_word' id='word_1_5' title='bbox 1189 395 1388 481; x_wconf 79' lang='lat' dir='ltr'><strong>stirpe</strong></span> <span class='ocrx_word' id='word_1_6' title='bbox 1436 396 1906 481; x_wconf 81' lang='lat' dir='ltr'>progerminet.</span> <span class='ocrx_word' id='word_1_7' title='bbox 1998 393 2293 483; x_wconf 57' lang='lat' dir='ltr'>Choeph.</span> <span class='ocrx_word' id='word_1_8' title='bbox 2350 395 2497 457; x_wconf 80' lang='lat'>260:</span> <span class='ocrx_word' id='word_1_9' title='bbox 2544 385 2723 458; x_wconf 72' lang='grc' dir='ltr'><em>οὔτ’</em></span> 
     </span>
     <span class='ocr_line' id='line_1_3' title="bbox 440 487 2721 585; baseline -0.001 -25"><span class='ocrx_word' id='word_1_10' title='bbox 440 489 740 585; x_wconf 67' lang='grc' dir='ltr'><em>ἀρχικός</em></span> <span class='ocrx_word' id='word_1_11' title='bbox 794 516 909 562; x_wconf 89' lang='grc' dir='ltr'><em>σοι</em></span> <span class='ocrx_word' id='word_1_12' title='bbox 965 497 1109 571; x_wconf 76' lang='grc' dir='ltr'>πᾶς</span> <span class='ocrx_word' id='word_1_13' title='bbox 1161 489 1290 563; x_wconf 73' lang='grc' dir='ltr'>ὅδ’</span> <span class='ocrx_word' id='word_1_14' title='bbox 1352 488 1705 571; x_wconf 75' lang='grc' dir='ltr'>αὐανθεὶς</span> <span class='ocrx_word' id='word_1_15' title='bbox 1755 490 2069 584; x_wconf 75' lang='grc' dir='ltr'><em>πυθμὴν</em></span> <span class='ocrx_word' id='word_1_16' title='bbox 2111 492 2403 581; x_wconf 79' lang='grc' dir='ltr'><strong><em>βωμοῖς</em></strong></span> <span class='ocrx_word' id='word_1_17' title='bbox 2444 487 2721 584; x_wconf 76' lang='grc' dir='ltr'><em>α’ρήξει.</em></span> 
     </span>
     <span class='ocr_line' id='line_1_4' title="bbox 438 588 2724 682; baseline -0 -22"><span class='ocrx_word' id='word_1_18' title='bbox 438 597 547 660; x_wconf 84' lang='lat' dir='ltr'>Ad</span> <span class='ocrx_word' id='word_1_19' title='bbox 577 597 931 682; x_wconf 83' lang='lat' dir='ltr'>imaginem</span> <span class='ocrx_word' id='word_1_20' title='bbox 965 597 1185 682; x_wconf 86' lang='lat' dir='ltr'>stirpis</span> <span class='ocrx_word' id='word_1_21' title='bbox 1218 597 1784 661; x_wconf 89' lang='lat' dir='ltr'>accommodatum</span> <span class='ocrx_word' id='word_1_22' title='bbox 1816 612 1917 661; x_wconf 87' lang='lat' dir='ltr'>est</span> <span class='ocrx_word' id='word_1_23' title='bbox 1946 588 2323 678; x_wconf 75' lang='grc' dir='ltr'><em>αὕανθείς,</em></span> <span class='ocrx_word' id='word_1_24' title='bbox 2357 596 2542 680; x_wconf 86' lang='lat' dir='ltr'>cujus</span> <span class='ocrx_word' id='word_1_25' title='bbox 2574 618 2724 681; x_wconf 88' lang='lat' dir='ltr'>pro-</span> 
     </span>
     <span class='ocr_line' id='line_1_5' title="bbox 437 695 2720 785; baseline -0.001 -25"><span class='ocrx_word' id='word_1_26' title='bbox 437 698 576 783; x_wconf 90' lang='lat' dir='ltr'>pria</span> <span class='ocrx_word' id='word_1_27' title='bbox 630 698 728 761; x_wconf 93' lang='lat' dir='ltr'>vis</span> <span class='ocrx_word' id='word_1_28' title='bbox 796 712 896 761; x_wconf 89' lang='lat' dir='ltr'>est</span> <span class='ocrx_word' id='word_1_29' title='bbox 959 699 1285 785; x_wconf 75' lang='lat' dir='ltr'>arefactus.</span> <span class='ocrx_word' id='word_1_30' title='bbox 1350 737 1435 746; x_wconf 89' lang='lat'><em>-</em></span> <span class='ocrx_word' id='word_1_31' title='bbox 1493 698 1660 761; x_wconf 90' lang='lat' dir='ltr'>Cum</span> <span class='ocrx_word' id='word_1_32' title='bbox 1706 698 1906 783; x_wconf 78' lang='lat' dir='ltr'>stirpe</span> <span class='ocrx_word' id='word_1_33' title='bbox 1955 697 2356 783; x_wconf 85' lang='lat' dir='ltr'>comparatio</span> <span class='ocrx_word' id='word_1_34' title='bbox 2403 696 2478 760; x_wconf 88' lang='lat' dir='ltr'>fit</span> <span class='ocrx_word' id='word_1_35' title='bbox 2522 695 2720 758; x_wconf 89' lang='lat' dir='ltr'>etiam</span> 
     </span>
     <span class='ocr_line' id='line_1_6' title="bbox 438 789 2717 889; baseline 0 -28"><span class='ocrx_word' id='word_1_36' title='bbox 438 797 733 883; x_wconf 77' lang='lat' dir='ltr'>Ghoeph.</span> <span class='ocrx_word' id='word_1_37' title='bbox 782 800 932 862; x_wconf 77' lang='lat'>204:</span> <span class='ocrx_word' id='word_1_38' title='bbox 980 797 1045 863; x_wconf 87' lang='grc' dir='ltr'>εἰ</span> <span class='ocrx_word' id='word_1_39' title='bbox 1084 793 1162 864; x_wconf 78' lang='grc' dir='ltr'>δὲ</span> <span class='ocrx_word' id='word_1_40' title='bbox 1193 793 1341 889; x_wconf 84' lang='grc' dir='ltr'>χρὴ</span> <span class='ocrx_word' id='word_1_41' title='bbox 1391 804 1630 885; x_wconf 80' lang='grc' dir='ltr'><em>τυχεῖν</em></span> <span class='ocrx_word' id='word_1_42' title='bbox 1662 799 2051 886; x_wconf 79' lang='grc' dir='ltr'><em>σωτηρίας,</em></span> <span class='ocrx_word' id='word_1_43' title='bbox 2085 798 2398 884; x_wconf 77' lang='grc' dir='ltr'><em>σμικροῦ</em></span> <span class='ocrx_word' id='word_1_44' title='bbox 2435 789 2717 883; x_wconf 72' lang='grc' dir='ltr'><em>γένοιτ’</em></span> 
     </span>
     <span class='ocr_line' id='line_1_7' title="bbox 435 893 2717 987; baseline -0.001 -25"><span class='ocrx_word' id='word_1_45' title='bbox 435 894 529 964; x_wconf 71' lang='grc' dir='ltr'>ἂν</span> <span class='ocrx_word' id='word_1_46' title='bbox 603 898 1020 983; x_wconf 74' lang='grc' dir='ltr'><em>σπέρματος</em></span> <span class='ocrx_word' id='word_1_47' title='bbox 1086 899 1321 987; x_wconf 79' lang='grc' dir='ltr'><em>μέγας</em></span> <span class='ocrx_word' id='word_1_48' title='bbox 1391 893 1727 984; x_wconf 67' lang='grc' dir='ltr'><em>πυθμήν.</em></span> <span class='ocrx_word' id='word_1_49' title='bbox 1856 900 2120 964; x_wconf 78' lang='lat' dir='ltr'>Electra</span> <span class='ocrx_word' id='word_1_50' title='bbox 2197 899 2341 961; x_wconf 90' lang='lat' dir='ltr'>viso</span> <span class='ocrx_word' id='word_1_51' title='bbox 2408 897 2717 961; x_wconf 81' lang='lat' dir='ltr'>cincinno</span> 
     </span>
     <span class='ocr_line' id='line_1_8' title="bbox 435 996 2721 1084; baseline -0 -22"><span class='ocrx_word' id='word_1_52' title='bbox 435 1000 653 1063; x_wconf 87' lang='lat' dir='ltr'>fratris</span> <span class='ocrx_word' id='word_1_53' title='bbox 700 1000 878 1077; x_wconf 89' lang='lat' dir='ltr'>dicit,</span> <span class='ocrx_word' id='word_1_54' title='bbox 925 1001 979 1064; x_wconf 88' lang='lat' dir='ltr'>si</span> <span class='ocrx_word' id='word_1_55' title='bbox 1026 1000 1151 1064; x_wconf 91' lang='lat' dir='ltr'>sibi</span> <span class='ocrx_word' id='word_1_56' title='bbox 1196 1000 1334 1064; x_wconf 88' lang='lat' dir='ltr'>fato</span> <span class='ocrx_word' id='word_1_57' title='bbox 1383 1001 1812 1064; x_wconf 89' lang='lat' dir='ltr'>constitutum</span> <span class='ocrx_word' id='word_1_58' title='bbox 1856 1001 1959 1077; x_wconf 90' lang='lat' dir='ltr'>sit,</span> <span class='ocrx_word' id='word_1_59' title='bbox 1993 1016 2065 1064; x_wconf 91' lang='lat' dir='ltr'>ut</span> <span class='ocrx_word' id='word_1_60' title='bbox 2095 999 2370 1062; x_wconf 89' lang='lat' dir='ltr'>salutem</span> <span class='ocrx_word' id='word_1_61' title='bbox 2405 996 2721 1084; x_wconf 84' lang='lat' dir='ltr'>adipisca-</span> 
     </span>
     <span class='ocr_line' id='line_1_9' title="bbox 434 1099 2719 1187; baseline -0.001 -23"><span class='ocrx_word' id='word_1_62' title='bbox 434 1115 558 1176; x_wconf 92' lang='lat' dir='ltr'>tur,</span> <span class='ocrx_word' id='word_1_63' title='bbox 636 1124 720 1163; x_wconf 84' lang='lat' dir='ltr'>ex</span> <span class='ocrx_word' id='word_1_64' title='bbox 788 1124 989 1187; x_wconf 87' lang='lat' dir='ltr'>parvo</span> <span class='ocrx_word' id='word_1_65' title='bbox 1058 1101 1306 1164; x_wconf 89' lang='lat' dir='ltr'>semine</span> <span class='ocrx_word' id='word_1_66' title='bbox 1373 1124 1677 1187; x_wconf 78' lang='lat' dir='ltr'>magnam</span> <span class='ocrx_word' id='word_1_67' title='bbox 1736 1102 2006 1187; x_wconf 89' lang='lat' dir='ltr'>stirpem</span> <span class='ocrx_word' id='word_1_68' title='bbox 2064 1100 2395 1175; x_wconf 81' lang='lat' dir='ltr'>orituram,</span> <span class='ocrx_word' id='word_1_69' title='bbox 2442 1099 2483 1162; x_wconf 92' lang='lat' dir='ltr'>i.</span> <span class='ocrx_word' id='word_1_70' title='bbox 2531 1122 2586 1161; x_wconf 93' lang='lat' dir='ltr'>e.</span> <span class='ocrx_word' id='word_1_71' title='bbox 2634 1121 2719 1161; x_wconf 82' lang='lat' dir='ltr'>ex</span> 
     </span>
     <span class='ocr_line' id='line_1_10' title="bbox 433 1201 1897 1287; baseline 0.001 -24"><span class='ocrx_word' id='word_1_72' title='bbox 433 1201 567 1263; x_wconf 89' lang='lat' dir='ltr'>levi</span> <span class='ocrx_word' id='word_1_73' title='bbox 612 1201 980 1287; x_wconf 83' lang='lat' dir='ltr'>exiguaque</span> <span class='ocrx_word' id='word_1_74' title='bbox 1027 1225 1094 1264; x_wconf 89' lang='lat' dir='ltr'>re</span> <span class='ocrx_word' id='word_1_75' title='bbox 1142 1225 1444 1287; x_wconf 82' lang='lat' dir='ltr'>magnam</span> <span class='ocrx_word' id='word_1_76' title='bbox 1488 1201 1897 1266; x_wconf 75' lang='lat' dir='ltr'>felicitatem.</span> 
     </span>
    </p>

    <p class='ocr_par' dir='ltr' id='par_1_3' title="bbox 430 1299 2721 2798">
     <span class='ocr_line' id='line_1_11' title="bbox 599 1299 2717 1390; baseline -0.001 -24"><span class='ocrx_word' id='word_1_77' title='bbox 599 1305 627 1384; x_wconf 66' lang='grc' dir='ltr'><strong>ξ</strong></span> <span class='ocrx_word' id='word_1_78' title='bbox 652 1304 708 1366; x_wconf 83' lang='grc'>5.</span> <span class='ocrx_word' id='word_1_79' title='bbox 744 1302 1052 1387; x_wconf 87' lang='lat' dir='ltr'>Sequitur</span> <span class='ocrx_word' id='word_1_80' title='bbox 1072 1302 1221 1379; x_wconf 89' lang='lat' dir='ltr'>iam,</span> <span class='ocrx_word' id='word_1_81' title='bbox 1247 1316 1320 1366; x_wconf 91' lang='lat' dir='ltr'>ut</span> <span class='ocrx_word' id='word_1_82' title='bbox 1343 1301 1424 1365; x_wconf 90' lang='lat' dir='ltr'>de</span> <span class='ocrx_word' id='word_1_83' title='bbox 1449 1301 2113 1390; x_wconf 74' lang='lat' dir='ltr'>imaginibusfructus</span> <span class='ocrx_word' id='word_1_84' title='bbox 2135 1300 2509 1384; x_wconf 88' lang='lat' dir='ltr'>loquamur;</span> <span class='ocrx_word' id='word_1_85' title='bbox 2542 1299 2717 1363; x_wconf 89' lang='lat' dir='ltr'>unde</span> 
     </span>
     <span class='ocr_line' id='line_1_12' title="bbox 433 1401 2721 1489; baseline 0 -25"><span class='ocrx_word' id='word_1_86' title='bbox 433 1404 928 1466; x_wconf 79' lang='lat' dir='ltr'>translationem</span> <span class='ocrx_word' id='word_1_87' title='bbox 974 1404 1256 1489; x_wconf 88' lang='lat' dir='ltr'>primum</span> <span class='ocrx_word' id='word_1_88' title='bbox 1302 1403 1393 1466; x_wconf 88' lang='lat' dir='ltr'>ita</span> <span class='ocrx_word' id='word_1_89' title='bbox 1440 1426 1633 1488; x_wconf 88' lang='lat' dir='ltr'>saepe</span> <span class='ocrx_word' id='word_1_90' title='bbox 1680 1402 1824 1465; x_wconf 89' lang='lat' dir='ltr'>fieri</span> <span class='ocrx_word' id='word_1_91' title='bbox 1870 1417 2141 1477; x_wconf 87' lang='lat' dir='ltr'>constat,</span> <span class='ocrx_word' id='word_1_92' title='bbox 2187 1415 2260 1464; x_wconf 91' lang='lat' dir='ltr'>ut</span> <span class='ocrx_word' id='word_1_93' title='bbox 2300 1402 2384 1477; x_wconf 79' lang='lat' dir='ltr'>id,</span> <span class='ocrx_word' id='word_1_94' title='bbox 2416 1404 2582 1486; x_wconf 80' lang='lat' dir='ltr'>quod</span> <span class='ocrx_word' id='word_1_95' title='bbox 2609 1401 2721 1464; x_wconf 83' lang='lat' dir='ltr'>ali-</span> 
     </span>
     <span class='ocr_line' id='line_1_13' title="bbox 435 1501 2720 1591; baseline -0.001 -25"><span class='ocrx_word' id='word_1_96' title='bbox 435 1527 558 1586; x_wconf 83' lang='lat' dir='ltr'>qua</span> <span class='ocrx_word' id='word_1_97' title='bbox 598 1527 666 1568; x_wconf 75' lang='lat' dir='ltr'>re</span> <span class='ocrx_word' id='word_1_98' title='bbox 708 1506 1036 1591; x_wconf 79' lang='lat' dir='ltr'>efficiatur,</span> <span class='ocrx_word' id='word_1_99' title='bbox 1081 1515 1341 1579; x_wconf 67' lang='lat' dir='ltr'>eventzw,</span> <span class='ocrx_word' id='word_1_100' title='bbox 1390 1505 1589 1567; x_wconf 72' lang='lat' dir='ltr'>exitus</span> <span class='ocrx_word' id='word_1_101' title='bbox 1634 1504 2004 1581; x_wconf 87' lang='lat' dir='ltr'>denotetur,</span> <span class='ocrx_word' id='word_1_102' title='bbox 2038 1501 2313 1589; x_wconf 87' lang='lat' dir='ltr'>perinde</span> <span class='ocrx_word' id='word_1_103' title='bbox 2356 1516 2548 1587; x_wconf 90' lang='lat' dir='ltr'>atque</span> <span class='ocrx_word' id='word_1_104' title='bbox 2587 1502 2720 1564; x_wconf 88' lang='lat' dir='ltr'>fru-</span> 
     </span>
     <span class='ocr_line' id='line_1_14' title="bbox 435 1602 2714 1691; baseline -0.001 -25"><span class='ocrx_word' id='word_1_105' title='bbox 435 1617 576 1667; x_wconf 86' lang='lat' dir='ltr'>ctus</span> <span class='ocrx_word' id='word_1_106' title='bbox 644 1627 730 1666; x_wconf 84' lang='lat' dir='ltr'>ex</span> <span class='ocrx_word' id='word_1_107' title='bbox 795 1603 956 1667; x_wconf 90' lang='lat' dir='ltr'>flore</span> <span class='ocrx_word' id='word_1_108' title='bbox 1027 1604 1252 1667; x_wconf 88' lang='lat' dir='ltr'>oritur.</span> <span class='ocrx_word' id='word_1_109' title='bbox 1350 1603 1538 1667; x_wconf 90' lang='lat' dir='ltr'>Hanc</span> <span class='ocrx_word' id='word_1_110' title='bbox 1604 1602 1959 1690; x_wconf 83' lang='lat' dir='ltr'>imaginem</span> <span class='ocrx_word' id='word_1_111' title='bbox 2015 1602 2274 1691; x_wconf 82' lang='lat' dir='ltr'>plenius</span> <span class='ocrx_word' id='word_1_112' title='bbox 2321 1602 2714 1687; x_wconf 82' lang='lat' dir='ltr'>explicatam</span> 
     </span>
     <span class='ocr_line' id='line_1_15' title="bbox 434 1702 2718 1791; baseline 0 -26"><span class='ocrx_word' id='word_1_113' title='bbox 434 1704 807 1767; x_wconf 88' lang='lat' dir='ltr'>invenimus</span> <span class='ocrx_word' id='word_1_114' title='bbox 882 1705 1057 1767; x_wconf 86' lang='lat' dir='ltr'>Pers.</span> <span class='ocrx_word' id='word_1_115' title='bbox 1126 1706 1268 1782; x_wconf 78' lang='lat'>821,</span> <span class='ocrx_word' id='word_1_116' title='bbox 1335 1704 1448 1768; x_wconf 92' lang='lat' dir='ltr'>ubi</span> <span class='ocrx_word' id='word_1_117' title='bbox 1500 1704 1621 1768; x_wconf 91' lang='lat' dir='ltr'>flos</span> <span class='ocrx_word' id='word_1_118' title='bbox 1680 1706 2021 1791; x_wconf 82' lang='lat' dir='ltr'>superbiae</span> <span class='ocrx_word' id='word_1_119' title='bbox 2071 1704 2314 1791; x_wconf 80' lang='lat' dir='ltr'>spicam</span> <span class='ocrx_word' id='word_1_120' title='bbox 2359 1702 2718 1790; x_wconf 89' lang='lat' dir='ltr'>impietatis</span> 
     </span>
     <span class='ocr_line' id='line_1_16' title="bbox 434 1796 2717 1893; baseline 0.001 -28"><span class='ocrx_word' id='word_1_121' title='bbox 434 1819 764 1889; x_wconf 80' lang='lat' dir='ltr'>tamquam</span> <span class='ocrx_word' id='word_1_122' title='bbox 810 1804 1096 1869; x_wconf 87' lang='lat' dir='ltr'>fructum</span> <span class='ocrx_word' id='word_1_123' title='bbox 1129 1804 1299 1867; x_wconf 89' lang='lat' dir='ltr'>ferre</span> <span class='ocrx_word' id='word_1_124' title='bbox 1338 1804 1608 1869; x_wconf 87' lang='lat' dir='ltr'>dicitur:</span> <span class='ocrx_word' id='word_1_125' title='bbox 1646 1799 1855 1893; x_wconf 72' lang='grc' dir='ltr'><em>’ὕβρις</em></span> <span class='ocrx_word' id='word_1_126' title='bbox 1884 1800 2029 1893; x_wconf 78' lang='grc' dir='ltr'>γὰρ</span> <span class='ocrx_word' id='word_1_127' title='bbox 2062 1796 2475 1884; x_wconf 67' lang='grc' dir='ltr'><em>ἐξανθοῦσ’</em></span> <span class='ocrx_word' id='word_1_128' title='bbox 2503 1797 2717 1893; x_wconf 68' lang='grc' dir='ltr'><em>ἐκάρ-</em></span> 
     </span>
     <span class='ocr_line' id='line_1_17' title="bbox 434 1899 2718 1999; baseline -0.001 -30"><span class='ocrx_word' id='word_1_129' title='bbox 434 1925 639 1970; x_wconf 67' lang='lat' dir='ltr'>nome</span> <span class='ocrx_word' id='word_1_130' title='bbox 693 1899 965 1991; x_wconf 74' lang='grc' dir='ltr'><em>στάχυν</em></span> <span class='ocrx_word' id='word_1_131' title='bbox 1008 1903 1212 1992; x_wconf 80' lang='grc' dir='ltr'><em>ἄτης.</em></span> <span class='ocrx_word' id='word_1_132' title='bbox 1242 1944 1327 1953; x_wconf 90' lang='grc'><strong>-</strong></span> <span class='ocrx_word' id='word_1_133' title='bbox 1353 1899 1876 1999; x_wconf 75' lang='grc' dir='ltr'><em>πικρόκαρπος,</em></span> <span class='ocrx_word' id='word_1_134' title='bbox 1908 1907 2171 1993; x_wconf 80' lang='lat' dir='ltr'>proprie</span> <span class='ocrx_word' id='word_1_135' title='bbox 2204 1928 2449 1969; x_wconf 75' lang='lat' dir='ltr'>amaros</span> <span class='ocrx_word' id='word_1_136' title='bbox 2472 1907 2718 1988; x_wconf 74' lang='lat' dir='ltr'>fructus</span> 
     </span>
     <span class='ocr_line' id='line_1_18' title="bbox 430 1999 2718 2094; baseline 0.001 -27"><span class='ocrx_word' id='word_1_137' title='bbox 430 2009 656 2086; x_wconf 70' lang='lat' dir='ltr'>ferens,</span> <span class='ocrx_word' id='word_1_138' title='bbox 709 2006 1019 2071; x_wconf 84' lang='lat' dir='ltr'>translate</span> <span class='ocrx_word' id='word_1_139' title='bbox 1042 2009 1410 2094; x_wconf 52' lang='lat' dir='ltr'>pestiferum</span> <span class='ocrx_word' id='word_1_140' title='bbox 1443 2006 1770 2092; x_wconf 81' lang='lat' dir='ltr'>significat</span> <span class='ocrx_word' id='word_1_141' title='bbox 1804 2008 1979 2093; x_wconf 87' lang='lat' dir='ltr'>Sept.</span> <span class='ocrx_word' id='word_1_142' title='bbox 2015 2009 2164 2071; x_wconf 81' lang='lat'>693:</span> <span class='ocrx_word' id='word_1_143' title='bbox 2208 1999 2718 2094; x_wconf 67' lang='grc' dir='ltr'><em>πικρόκαρπον</em></span> 
     </span>
     <span class='ocr_line' id='line_1_19' title="bbox 431 2098 2718 2196; baseline 0 -27"><span class='ocrx_word' id='word_1_144' title='bbox 431 2098 976 2194; x_wconf 64' lang='grc' dir='ltr'><em>ἀνδροκτασίαν</em></span> <span class='ocrx_word' id='word_1_145' title='bbox 1029 2105 1279 2174; x_wconf 76' lang='grc' dir='ltr'><em>τελεῖν.</em></span> <span class='ocrx_word' id='word_1_146' title='bbox 1325 2145 1409 2154; x_wconf 90' lang='lat'>—</span> <span class='ocrx_word' id='word_1_147' title='bbox 1451 2102 1736 2196; x_wconf 78' lang='grc' dir='ltr'><em>καρπός</em></span> <span class='ocrx_word' id='word_1_148' title='bbox 1789 2109 1867 2172; x_wconf 90' lang='lat' dir='ltr'>de</span> <span class='ocrx_word' id='word_1_149' title='bbox 1918 2109 2099 2171; x_wconf 83' lang='lat' dir='ltr'>exitu</span> <span class='ocrx_word' id='word_1_150' title='bbox 2149 2107 2561 2171; x_wconf 88' lang='lat' dir='ltr'>oraculorum</span> <span class='ocrx_word' id='word_1_151' title='bbox 2601 2130 2718 2193; x_wconf 92' lang='lat' dir='ltr'>po-</span> 
     </span>
     <span class='ocr_line' id='line_1_20' title="bbox 433 2201 2717 2300; baseline 0 -30"><span class='ocrx_word' id='word_1_152' title='bbox 433 2208 608 2270; x_wconf 90' lang='lat' dir='ltr'>nitur</span> <span class='ocrx_word' id='word_1_153' title='bbox 656 2209 832 2295; x_wconf 78' lang='lat' dir='ltr'>Sept.</span> <span class='ocrx_word' id='word_1_154' title='bbox 881 2210 1032 2272; x_wconf 87' lang='lat'>618:</span> <span class='ocrx_word' id='word_1_155' title='bbox 1081 2208 1145 2274; x_wconf 83' lang='grc' dir='ltr'>εἰ</span> <span class='ocrx_word' id='word_1_156' title='bbox 1196 2201 1479 2295; x_wconf 77' lang='grc' dir='ltr'><em>καρπὸς</em></span> <span class='ocrx_word' id='word_1_157' title='bbox 1531 2208 1734 2274; x_wconf 75' lang='grc' dir='ltr'><em>ἔσται</em></span> <span class='ocrx_word' id='word_1_158' title='bbox 1793 2202 2255 2300; x_wconf 68' lang='grc' dir='ltr'><em>θεσφάτοισι</em></span> <span class='ocrx_word' id='word_1_159' title='bbox 2309 2204 2616 2290; x_wconf 77' lang='grc' dir='ltr'><em>Λοξίου,</em></span> <span class='ocrx_word' id='word_1_160' title='bbox 2660 2207 2717 2271; x_wconf 88' lang='lat' dir='ltr'>si</span> 
     </span>
     <span class='ocr_line' id='line_1_21' title="bbox 431 2301 2717 2396; baseline 0.003 -27"><span class='ocrx_word' id='word_1_161' title='bbox 431 2310 721 2372; x_wconf 83' lang='lat' dir='ltr'>futurum</span> <span class='ocrx_word' id='word_1_162' title='bbox 770 2324 889 2385; x_wconf 84' lang='lat' dir='ltr'>est,</span> <span class='ocrx_word' id='word_1_163' title='bbox 937 2323 1009 2373; x_wconf 89' lang='lat' dir='ltr'>ut</span> <span class='ocrx_word' id='word_1_164' title='bbox 1056 2310 1317 2373; x_wconf 88' lang='lat' dir='ltr'>oracula</span> <span class='ocrx_word' id='word_1_165' title='bbox 1360 2310 1433 2372; x_wconf 90' lang='lat' dir='ltr'>L.</span> <span class='ocrx_word' id='word_1_166' title='bbox 1480 2333 1636 2373; x_wconf 88' lang='lat' dir='ltr'>vera</span> <span class='ocrx_word' id='word_1_167' title='bbox 1681 2311 1980 2373; x_wconf 81' lang='lat' dir='ltr'>evadant.</span> <span class='ocrx_word' id='word_1_168' title='bbox 2025 2310 2238 2372; x_wconf 84' lang='lat' dir='ltr'>—Ita</span> <span class='ocrx_word' id='word_1_169' title='bbox 2269 2301 2717 2396; x_wconf 74' lang='grc' dir='ltr'><em>οἷκοῖρπωτος</em></span> 
     </span>
     <span class='ocr_line' id='line_1_22' title="bbox 434 2408 2713 2495; baseline 0.001 -25"><span class='ocrx_word' id='word_1_170' title='bbox 434 2408 512 2471; x_wconf 86' lang='lat' dir='ltr'>ad</span> <span class='ocrx_word' id='word_1_171' title='bbox 579 2410 913 2472; x_wconf 89' lang='lat' dir='ltr'>oraculum</span> <span class='ocrx_word' id='word_1_172' title='bbox 978 2410 1254 2473; x_wconf 87' lang='lat' dir='ltr'>relatum</span> <span class='ocrx_word' id='word_1_173' title='bbox 1311 2421 1582 2474; x_wconf 76' lang='lat' dir='ltr'>eventum</span> <span class='ocrx_word' id='word_1_174' title='bbox 1636 2434 1757 2475; x_wconf 78' lang='lat' dir='ltr'>non</span> <span class='ocrx_word' id='word_1_175' title='bbox 1810 2411 2032 2474; x_wconf 69' lang='lat' dir='ltr'>habens</span> <span class='ocrx_word' id='word_1_176' title='bbox 2089 2410 2433 2495; x_wconf 83' lang='lat' dir='ltr'>significat.</span> <span class='ocrx_word' id='word_1_177' title='bbox 2521 2411 2713 2473; x_wconf 86' lang='lat' dir='ltr'>Eum.</span> 
     </span>
     <span class='ocr_line' id='line_1_23' title="bbox 438 2504 2717 2598; baseline 0.003 -29"><span class='ocrx_word' id='word_1_178' title='bbox 438 2511 586 2571; x_wconf 84' lang='lat'>714:</span> <span class='ocrx_word' id='word_1_179' title='bbox 632 2508 932 2597; x_wconf 74' lang='grc' dir='ltr'><em>κᾶγωγε</em></span> <span class='ocrx_word' id='word_1_180' title='bbox 974 2505 1359 2598; x_wconf 80' lang='grc' dir='ltr'><em>χρησμοὺς</em></span> <span class='ocrx_word' id='word_1_181' title='bbox 1414 2506 1589 2585; x_wconf 75' lang='grc' dir='ltr'><em>τοὺς</em></span> <span class='ocrx_word' id='word_1_182' title='bbox 1639 2506 1862 2596; x_wconf 78' lang='grc' dir='ltr'><em>ἐμούς</em></span> <span class='ocrx_word' id='word_1_183' title='bbox 1907 2533 1983 2577; x_wconf 84' lang='grc' dir='ltr'><em>τε</em></span> <span class='ocrx_word' id='word_1_184' title='bbox 2024 2507 2144 2576; x_wconf 75' lang='grc' dir='ltr'><em>καὶ</em></span> <span class='ocrx_word' id='word_1_185' title='bbox 2187 2504 2371 2586; x_wconf 84' lang='grc' dir='ltr'><em>Διὸς</em></span> <span class='ocrx_word' id='word_1_186' title='bbox 2415 2510 2717 2597; x_wconf 77' lang='grc' dir='ltr'><em>ταρβεῖν</em></span> 
     </span>
     <span class='ocr_line' id='line_1_24' title="bbox 431 2602 2714 2698; baseline 0.001 -25"><span class='ocrx_word' id='word_1_187' title='bbox 431 2602 707 2675; x_wconf 68' lang='grc' dir='ltr'><em>κελεύω</em></span> <span class='ocrx_word' id='word_1_188' title='bbox 755 2604 1450 2698; x_wconf 70' lang='grc' dir='ltr'><em>μηδίἰκαρπώτους</em></span> <span class='ocrx_word' id='word_1_189' title='bbox 1498 2610 1760 2677; x_wconf 74' lang='grc' dir='ltr'><em>κτίσαι.</em></span> <span class='ocrx_word' id='word_1_190' title='bbox 1806 2651 1890 2659; x_wconf 85' lang='grc'>-</span> <span class='ocrx_word' id='word_1_191' title='bbox 1942 2614 2160 2676; x_wconf 84' lang='lat' dir='ltr'>Locus</span> <span class='ocrx_word' id='word_1_192' title='bbox 2209 2611 2443 2675; x_wconf 84' lang='lat' dir='ltr'>dubius</span> <span class='ocrx_word' id='word_1_193' title='bbox 2491 2627 2556 2675; x_wconf 81' lang='lat' dir='ltr'>et</span> <span class='ocrx_word' id='word_1_194' title='bbox 2602 2613 2714 2697; x_wconf 87' lang='lat' dir='ltr'>qui</span> 
     </span>
     <span class='ocr_line' id='line_1_25' title="bbox 431 2709 2110 2798; baseline 0.002 -27"><span class='ocrx_word' id='word_1_195' title='bbox 431 2709 820 2796; x_wconf 87' lang='lat' dir='ltr'>interpretes</span> <span class='ocrx_word' id='word_1_196' title='bbox 866 2713 1145 2776; x_wconf 89' lang='lat' dir='ltr'>multum</span> <span class='ocrx_word' id='word_1_197' title='bbox 1191 2712 1550 2789; x_wconf 85' lang='lat' dir='ltr'>vexaverit,</span> <span class='ocrx_word' id='word_1_198' title='bbox 1598 2727 1698 2777; x_wconf 88' lang='lat' dir='ltr'>est</span> <span class='ocrx_word' id='word_1_199' title='bbox 1745 2714 1921 2798; x_wconf 86' lang='lat' dir='ltr'>Sept.</span> <span class='ocrx_word' id='word_1_200' title='bbox 1960 2715 2110 2777; x_wconf 81' lang='lat'>599:</span> 
     </span>
    </p>
   </div>
   <div class='ocr_carea' id='block_1_3' title="bbox 777 2855 2361 3058">
    <p class='ocr_par' dir='ltr' id='par_1_4' title="bbox 777 2855 2361 3058">
     <span class='ocr_line' id='line_1_26' title="bbox 782 2855 2361 2951; baseline -0.002 -21"><span class='ocrx_word' id='word_1_201' title='bbox 782 2858 858 2930; x_wconf 80' lang='grc' dir='ltr'>ἐν</span> <span class='ocrx_word' id='word_1_202' title='bbox 906 2859 1123 2929; x_wconf 80' lang='grc' dir='ltr'><em>παντὶ</em></span> <span class='ocrx_word' id='word_1_203' title='bbox 1174 2857 1441 2951; x_wconf 69' lang='grc' dir='ltr'><em>πράγει</em></span> <span class='ocrx_word' id='word_1_204' title='bbox 1497 2855 2091 2949; x_wconf 71' lang='grc' dir='ltr'><em>δ’ἔσθ’ὁμιλιίτς</em></span> <span class='ocrx_word' id='word_1_205' title='bbox 2139 2863 2361 2951; x_wconf 68' lang='grc' dir='ltr'><em>κακῆς</em></span> 
     </span>
     <span class='ocr_line' id='line_1_27' title="bbox 777 2950 2311 3058; baseline -0.001 -28"><span class='ocrx_word' id='word_1_206' title='bbox 777 2958 1038 3030; x_wconf 58' lang='grc' dir='ltr'><em>καῖνιον</em></span> <span class='ocrx_word' id='word_1_207' title='bbox 1090 2955 1328 3047; x_wconf 72' lang='grc' dir='ltr'><em>οὐδὲν,</em></span> <span class='ocrx_word' id='word_1_208' title='bbox 1385 2957 1668 3057; x_wconf 74' lang='grc' dir='ltr'><em>καρπὸς</em></span> <span class='ocrx_word' id='word_1_209' title='bbox 1713 2950 1794 3045; x_wconf 75' lang='grc' dir='ltr'>ἧς</span> <span class='ocrx_word' id='word_1_210' title='bbox 1836 2957 2311 3058; x_wconf 71' lang='grc' dir='ltr'><em>ἀσύμφορος.</em></span> 
     </span>
    </p>
   </div>
   <div class='ocr_carea' id='block_1_4' title="bbox 419 3102 2712 4309">
    <p class='ocr_par' dir='ltr' id='par_1_5' title="bbox 419 3102 2712 4309">
     <span class='ocr_line' id='line_1_28' title="bbox 426 3102 2712 3210; baseline 0 -32"><span class='ocrx_word' id='word_1_211' title='bbox 426 3109 708 3201; x_wconf 73' lang='grc' dir='ltr'><em>καρπὸς</em></span> <span class='ocrx_word' id='word_1_212' title='bbox 775 3102 856 3204; x_wconf 67' lang='grc' dir='ltr'>ἧς</span> <span class='ocrx_word' id='word_1_213' title='bbox 907 3109 1359 3210; x_wconf 70' lang='grc' dir='ltr'><em>ἀσύμφορος</em></span> <span class='ocrx_word' id='word_1_214' title='bbox 1419 3129 1519 3179; x_wconf 90' lang='lat' dir='ltr'>est</span> <span class='ocrx_word' id='word_1_215' title='bbox 1585 3118 1965 3202; x_wconf 84' lang='lat' dir='ltr'>conjectura</span> <span class='ocrx_word' id='word_1_216' title='bbox 2028 3139 2256 3203; x_wconf 87' lang='lat' dir='ltr'>parum</span> <span class='ocrx_word' id='word_1_217' title='bbox 2321 3115 2486 3178; x_wconf 84' lang='lat' dir='ltr'>felix</span> <span class='ocrx_word' id='word_1_218' title='bbox 2551 3114 2712 3178; x_wconf 90' lang='lat' dir='ltr'>Din-</span> 
     </span>
     <span class='ocr_line' id='line_1_29' title="bbox 430 3209 2712 3305; baseline 0.001 -30"><span class='ocrx_word' id='word_1_219' title='bbox 430 3215 622 3279; x_wconf 87' lang='lat' dir='ltr'>‹lorfii</span> <span class='ocrx_word' id='word_1_220' title='bbox 665 3240 783 3302; x_wconf 87' lang='lat' dir='ltr'>pro</span> <span class='ocrx_word' id='word_1_221' title='bbox 832 3219 1134 3283; x_wconf 89' lang='lat' dir='ltr'>codicum</span> <span class='ocrx_word' id='word_1_222' title='bbox 1177 3211 1461 3305; x_wconf 76' lang='grc' dir='ltr'><em>καρπὸς</em></span> <span class='ocrx_word' id='word_1_223' title='bbox 1513 3209 1605 3282; x_wconf 81' lang='grc' dir='ltr'>οὐ</span> <span class='ocrx_word' id='word_1_224' title='bbox 1648 3217 2057 3302; x_wconf 72' lang='grc' dir='ltr'><em>κομιστέος.</em></span> <span class='ocrx_word' id='word_1_225' title='bbox 2125 3216 2386 3278; x_wconf 88' lang='lat' dir='ltr'>Deinde</span> <span class='ocrx_word' id='word_1_226' title='bbox 2432 3216 2501 3278; x_wconf 91' lang='lat' dir='ltr'>in</span> <span class='ocrx_word' id='word_1_227' title='bbox 2534 3214 2712 3278; x_wconf 88' lang='lat' dir='ltr'>codi-</span> 
     </span>
     <span class='ocr_line' id='line_1_30' title="bbox 428 3310 2712 3410; baseline 0.001 -31"><span class='ocrx_word' id='word_1_228' title='bbox 428 3317 610 3379; x_wconf 88' lang='lat' dir='ltr'>cibus</span> <span class='ocrx_word' id='word_1_229' title='bbox 678 3318 975 3403; x_wconf 89' lang='lat' dir='ltr'>sequitur</span> <span class='ocrx_word' id='word_1_230' title='bbox 1016 3317 1124 3381; x_wconf 85' lang='lat' dir='ltr'>hic</span> <span class='ocrx_word' id='word_1_231' title='bbox 1167 3342 1424 3383; x_wconf 90' lang='lat' dir='ltr'>versus:</span> <span class='ocrx_word' id='word_1_232' title='bbox 1481 3313 1663 3404; x_wconf 78' lang='grc' dir='ltr'><em>ἄτης</em></span> <span class='ocrx_word' id='word_1_233' title='bbox 1713 3315 2008 3410; x_wconf 78' lang='grc' dir='ltr'><em>ἄρουρα</em></span> <span class='ocrx_word' id='word_1_234' title='bbox 2063 3310 2409 3382; x_wconf 71' lang='grc' dir='ltr'><em>θάνατον</em></span> <span class='ocrx_word' id='word_1_235' title='bbox 2460 3310 2712 3406; x_wconf 71' lang='grc' dir='ltr'><em>ἐκκαρ-</em></span> 
     </span>
     <span class='ocr_line' id='line_1_31' title="bbox 425 3416 2709 3504; baseline -0 -22"><span class='ocrx_word' id='word_1_236' title='bbox 425 3416 721 3501; x_wconf 79' lang='grc' dir='ltr'><em>πίζεται,</em></span> <span class='ocrx_word' id='word_1_237' title='bbox 756 3419 868 3504; x_wconf 90' lang='lat' dir='ltr'>qui</span> <span class='ocrx_word' id='word_1_238' title='bbox 897 3442 1124 3482; x_wconf 89' lang='lat' dir='ltr'>versus</span> <span class='ocrx_word' id='word_1_239' title='bbox 1158 3443 1194 3481; x_wconf 92' lang='lat' dir='ltr'>a</span> <span class='ocrx_word' id='word_1_240' title='bbox 1223 3419 1554 3504; x_wconf 88' lang='lat' dir='ltr'>plerisque</span> <span class='ocrx_word' id='word_1_241' title='bbox 1587 3419 1828 3483; x_wconf 88' lang='lat' dir='ltr'>criticis</span> <span class='ocrx_word' id='word_1_242' title='bbox 1861 3419 2221 3482; x_wconf 87' lang='lat' dir='ltr'>damnatur.</span> <span class='ocrx_word' id='word_1_243' title='bbox 2297 3416 2475 3480; x_wconf 81' lang='lat' dir='ltr'>Weil</span> <span class='ocrx_word' id='word_1_244' title='bbox 2508 3417 2709 3494; x_wconf 75' lang='lat' dir='ltr'>solue,</span> 
     </span>
     <span class='ocr_line' id='line_1_32' title="bbox 427 3517 2711 3605; baseline 0 -25"><span class='ocrx_word' id='word_1_245' title='bbox 427 3533 739 3602; x_wconf 85' lang='lat' dir='ltr'>quantum</span> <span class='ocrx_word' id='word_1_246' title='bbox 809 3520 968 3596; x_wconf 89' lang='lat' dir='ltr'>sci0,</span> <span class='ocrx_word' id='word_1_247' title='bbox 1038 3543 1186 3582; x_wconf 90' lang='lat' dir='ltr'>eum</span> <span class='ocrx_word' id='word_1_248' title='bbox 1254 3519 1573 3596; x_wconf 86' lang='lat' dir='ltr'>defendit,</span> <span class='ocrx_word' id='word_1_249' title='bbox 1642 3543 1836 3605; x_wconf 89' lang='lat' dir='ltr'>quem</span> <span class='ocrx_word' id='word_1_250' title='bbox 1894 3519 2138 3583; x_wconf 87' lang='lat' dir='ltr'>videas.</span> <span class='ocrx_word' id='word_1_251' title='bbox 2228 3517 2321 3580; x_wconf 90' lang='lat' dir='ltr'>Ut</span> <span class='ocrx_word' id='word_1_252' title='bbox 2362 3518 2504 3604; x_wconf 90' lang='lat' dir='ltr'>ipse</span> <span class='ocrx_word' id='word_1_253' title='bbox 2553 3517 2711 3604; x_wconf 92' lang='lat' dir='ltr'>quid</span> 
     </span>
     <span class='ocr_line' id='line_1_33' title="bbox 426 3618 2710 3705; baseline 0 -24"><span class='ocrx_word' id='word_1_254' title='bbox 426 3620 700 3682; x_wconf 88' lang='lat' dir='ltr'>sentiam</span> <span class='ocrx_word' id='word_1_255' title='bbox 759 3620 1045 3705; x_wconf 90' lang='lat' dir='ltr'>eloquar,</span> <span class='ocrx_word' id='word_1_256' title='bbox 1103 3643 1315 3704; x_wconf 89' lang='lat' dir='ltr'>neque</span> <span class='ocrx_word' id='word_1_257' title='bbox 1361 3620 1686 3705; x_wconf 62' lang='lat' dir='ltr'>intellige,</span> <span class='ocrx_word' id='word_1_258' title='bbox 1735 3621 1890 3705; x_wconf 89' lang='lat' dir='ltr'>quid</span> <span class='ocrx_word' id='word_1_259' title='bbox 1934 3621 2003 3683; x_wconf 91' lang='lat' dir='ltr'>in</span> <span class='ocrx_word' id='word_1_260' title='bbox 2047 3619 2149 3682; x_wconf 90' lang='lat' dir='ltr'>his</span> <span class='ocrx_word' id='word_1_261' title='bbox 2194 3618 2411 3681; x_wconf 90' lang='lat' dir='ltr'>verbis</span> <span class='ocrx_word' id='word_1_262' title='bbox 2455 3633 2710 3682; x_wconf 89' lang='lat' dir='ltr'>tantum</span> 
     </span>
     <span class='ocr_line' id='line_1_34' title="bbox 428 3718 2708 3805; baseline 0 -24"><span class='ocrx_word' id='word_1_263' title='bbox 428 3718 736 3797; x_wconf 84' lang='lat' dir='ltr'>offendat,</span> <span class='ocrx_word' id='word_1_264' title='bbox 797 3735 863 3784; x_wconf 91' lang='lat' dir='ltr'>et</span> <span class='ocrx_word' id='word_1_265' title='bbox 916 3721 1225 3796; x_wconf 78' lang='lat' dir='ltr'>rationeS,</span> <span class='ocrx_word' id='word_1_266' title='bbox 1286 3744 1448 3805; x_wconf 89' lang='lat' dir='ltr'>quae</span> <span class='ocrx_word' id='word_1_267' title='bbox 1497 3745 1533 3783; x_wconf 92' lang='lat' dir='ltr'>a</span> <span class='ocrx_word' id='word_1_268' title='bbox 1579 3721 1845 3797; x_wconf 77' lang='lat' dir='ltr'>Weilio,</span> <span class='ocrx_word' id='word_1_269' title='bbox 1890 3733 1964 3784; x_wconf 93' lang='lat' dir='ltr'>ut</span> <span class='ocrx_word' id='word_1_270' title='bbox 2009 3742 2086 3784; x_wconf 88' lang='lat' dir='ltr'>ea</span> <span class='ocrx_word' id='word_1_271' title='bbox 2128 3732 2304 3783; x_wconf 88' lang='lat' dir='ltr'>recte</span> <span class='ocrx_word' id='word_1_272' title='bbox 2353 3742 2421 3783; x_wconf 88' lang='lat' dir='ltr'>se</span> <span class='ocrx_word' id='word_1_273' title='bbox 2467 3718 2708 3783; x_wconf 87' lang='lat' dir='ltr'>habere</span> 
     </span>
     <span class='ocr_line' id='line_1_35' title="bbox 426 3819 2708 3908; baseline 0.002 -30"><span class='ocrx_word' id='word_1_274' title='bbox 426 3819 851 3898; x_wconf 88' lang='lat' dir='ltr'>demonstret,</span> <span class='ocrx_word' id='word_1_275' title='bbox 931 3822 1374 3908; x_wconf 82' lang='lat' dir='ltr'>proferuntur,</span> <span class='ocrx_word' id='word_1_276' title='bbox 1444 3822 1633 3885; x_wconf 86' lang='lat' dir='ltr'>valde</span> <span class='ocrx_word' id='word_1_277' title='bbox 1710 3821 2083 3908; x_wconf 87' lang='lat' dir='ltr'>probabiles</span> <span class='ocrx_word' id='word_1_278' title='bbox 2153 3819 2316 3882; x_wconf 84' lang='lat' dir='ltr'>mihi</span> <span class='ocrx_word' id='word_1_279' title='bbox 2380 3820 2708 3884; x_wconf 89' lang='lat' dir='ltr'>videntur.</span> 
     </span>
     <span class='ocr_line' id='line_1_36' title="bbox 422 3919 2708 4008; baseline 0 -26"><span class='ocrx_word' id='word_1_280' title='bbox 422 3919 774 4006; x_wconf 86' lang='lat' dir='ltr'>Utcunque</span> <span class='ocrx_word' id='word_1_281' title='bbox 822 3936 924 3986; x_wconf 89' lang='lat' dir='ltr'>est</span> <span class='ocrx_word' id='word_1_282' title='bbox 967 3921 1271 4007; x_wconf 87' lang='lat' dir='ltr'>(difficile</span> <span class='ocrx_word' id='word_1_283' title='bbox 1319 3922 1495 3985; x_wconf 86' lang='lat' dir='ltr'>enim</span> <span class='ocrx_word' id='word_1_284' title='bbox 1540 3936 1642 3985; x_wconf 89' lang='lat' dir='ltr'>est</span> <span class='ocrx_word' id='word_1_285' title='bbox 1683 3923 1930 4008; x_wconf 87' lang='lat' dir='ltr'>aliquid</span> <span class='ocrx_word' id='word_1_286' title='bbox 1967 3945 2086 4007; x_wconf 89' lang='lat' dir='ltr'>pro</span> <span class='ocrx_word' id='word_1_287' title='bbox 2119 3935 2299 3985; x_wconf 90' lang='lat' dir='ltr'>certo</span> <span class='ocrx_word' id='word_1_288' title='bbox 2334 3919 2708 4002; x_wconf 87' lang='lat' dir='ltr'>affirmare),</span> 
     </span>
     <span class='ocr_line' id='line_1_37' title="bbox 420 4020 2707 4105; baseline 0 -23"><span class='ocrx_word' id='word_1_289' title='bbox 420 4043 645 4084; x_wconf 88' lang='lat' dir='ltr'>versus</span> <span class='ocrx_word' id='word_1_290' title='bbox 711 4022 824 4085; x_wconf 90' lang='lat' dir='ltr'>illc</span> <span class='ocrx_word' id='word_1_291' title='bbox 894 4037 961 4086; x_wconf 89' lang='lat' dir='ltr'>et</span> <span class='ocrx_word' id='word_1_292' title='bbox 1026 4024 1104 4086; x_wconf 88' lang='lat' dir='ltr'>ad</span> <span class='ocrx_word' id='word_1_293' title='bbox 1172 4023 1564 4087; x_wconf 83' lang='lat' dir='ltr'>sententiam</span> <span class='ocrx_word' id='word_1_294' title='bbox 1625 4036 1690 4086; x_wconf 87' lang='lat' dir='ltr'>et</span> <span class='ocrx_word' id='word_1_295' title='bbox 1745 4024 1824 4086; x_wconf 88' lang='lat' dir='ltr'>ad</span> <span class='ocrx_word' id='word_1_296' title='bbox 1869 4024 2068 4087; x_wconf 91' lang='lat' dir='ltr'>verba</span> <span class='ocrx_word' id='word_1_297' title='bbox 2111 4036 2334 4086; x_wconf 89' lang='lat' dir='ltr'>notam</span> <span class='ocrx_word' id='word_1_298' title='bbox 2382 4020 2707 4105; x_wconf 87' lang='lat' dir='ltr'>quandam</span> 
     </span>
     <span class='ocr_line' id='line_1_38' title="bbox 420 4121 2706 4210; baseline 0 -27"><span class='ocrx_word' id='word_1_299' title='bbox 420 4122 627 4185; x_wconf 85' lang='lat' dir='ltr'>nostri</span> <span class='ocrx_word' id='word_1_300' title='bbox 673 4136 908 4208; x_wconf 86' lang='lat' dir='ltr'>poetae</span> <span class='ocrx_word' id='word_1_301' title='bbox 955 4124 1044 4186; x_wconf 90' lang='lat' dir='ltr'>ita</span> <span class='ocrx_word' id='word_1_302' title='bbox 1090 4147 1317 4210; x_wconf 79' lang='lat' dir='ltr'>gerere</span> <span class='ocrx_word' id='word_1_303' title='bbox 1365 4146 1745 4210; x_wconf 82' lang='lat' dir='ltr'>expressam</span> <span class='ocrx_word' id='word_1_304' title='bbox 1791 4125 2070 4200; x_wconf 88' lang='lat' dir='ltr'>videtur,</span> <span class='ocrx_word' id='word_1_305' title='bbox 2118 4137 2190 4186; x_wconf 89' lang='lat' dir='ltr'>ut</span> <span class='ocrx_word' id='word_1_306' title='bbox 2232 4122 2346 4185; x_wconf 88' lang='lat' dir='ltr'>vix</span> <span class='ocrx_word' id='word_1_307' title='bbox 2389 4121 2706 4198; x_wconf 90' lang='lat' dir='ltr'>dubitem,</span> 
     </span>
     <span class='ocr_line' id='line_1_39' title="bbox 419 4223 2706 4309; baseline -0 -24"><span class='ocrx_word' id='word_1_308' title='bbox 419 4223 577 4307; x_wconf 91' lang='lat' dir='ltr'>quin</span> <span class='ocrx_word' id='word_1_309' title='bbox 625 4247 776 4287; x_wconf 86' lang='lat' dir='ltr'>vere</span> <span class='ocrx_word' id='word_1_310' title='bbox 825 4224 1235 4309; x_wconf 78' lang='lat' dir='ltr'>Aeschyleus</span> <span class='ocrx_word' id='word_1_311' title='bbox 1284 4225 1385 4287; x_wconf 83' lang='lat' dir='ltr'>sit.</span> <span class='ocrx_word' id='word_1_312' title='bbox 1476 4225 1688 4302; x_wconf 69' lang='lat' dir='ltr'>Quare</span> <span class='ocrx_word' id='word_1_313' title='bbox 1737 4225 1992 4290; x_wconf 87' lang='lat' dir='ltr'>etiamsi</span> <span class='ocrx_word' id='word_1_314' title='bbox 2024 4223 2330 4287; x_wconf 84' lang='lat' dir='ltr'>hocloco</span> <span class='ocrx_word' id='word_1_315' title='bbox 2364 4245 2706 4307; x_wconf 87' lang='lat' dir='ltr'>perperam</span> 
     </span>
    </p>
   </div>
  </div>
 </body>
</html>
