3134 4842
507 268 546 331 6

425 432 823 498 Graecorum
888 432 1115 518 tropis.
1182 431 1418 497 Partic.
1462 431 1549 495 II.
1596 431 1898 497 Ostrowo
1946 433 2137 515 1867)
2183 432 2265 496 de
2310 432 2711 519 metaphoris

423 558 511 598 ex
553 534 771 599 verbis
837 536 1094 597 nauticis
1159 546 1226 597 et
1288 536 1577 598 venaticis
1641 533 1866 620 petitis
1936 533 2255 621 disputat3
2320 533 2392 596 in
2436 547 2710 619 utraque

380 648 640 699 -autem
710 634 1168 702 dissertatione
1248 634 1814 698 enumerationem
1891 634 2187 698 omnium
2255 634 2712 721 exemplorum

421 759 558 800 non
603 748 875 821 spectat,
921 734 1037 798 sed
1083 758 1170 798 ex
1212 757 1451 820 magna
1494 734 1685 820 copia
1726 735 2050 798 minorem
2077 758 2425 798 numerum
2458 735 2710 821 deligit,

423 849 496 899 ut
538 836 1067 922 metaphorarum
1133 835 1307 921 apud
1374 835 1663 921 tragicos
1728 858 1920 899 usum
1964 835 2270 900 illustret.
2355 835 2466 901 Illi
2510 836 2713 921 igitur

421 936 566 1014 viri,
614 959 778 1021 quos
844 936 975 999 iam
1019 935 1378 1013 nominavi,
1424 937 1564 1020 ejus
1624 936 2049 1022 quaestionis,
2097 937 2177 1001 de
2225 959 2353 1021 qua
2393 936 2503 1001 hic
2548 936 2712 999 mihi

420 1037 761 1123 proposui,
803 1049 878 1101 ut
921 1035 1345 1122 disputarem,
1389 1050 1642 1123 partem
1687 1050 1942 1100 tantum
1983 1050 2447 1101 tractaverunt.
2500 1037 2710 1111 UnuS,

425 1139 719 1202 SOHULZE
766 1137 892 1222 (De
937 1136 1338 1224 imaginibus
1374 1151 1442 1201 et
1470 1136 1751 1222 figurata
1772 1136 2093 1222 Aeschyli
2125 1138 2523 1202 elocutione.
2555 1138 2712 1201 Hal-

420 1238 714 1303 berstadt
748 1239 958 1320 1854),
1007 1238 1228 1302 omnia
1273 1261 1369 1315 ea,
1416 1259 1582 1324 quae
1627 1238 1910 1303 nomine·
1943 1238 2250 1324 imaginis
2285 1238 2712 1324 comprehen-

421 1339 683 1416 duntur,
750 1361 992 1424 genera
1048 1339 1387 1403 tractanda
1431 1351 1499 1402 et
1544 1338 1769 1402 omnia
1810 1361 2037 1402 eorum
2083 1338 2256 1424 apud
2298 1338 2709 1424 Aeschylum

420 1439 726 1526 exempla
789 1438 1163 1525 colligenda
1227 1439 1537 1525 suscepit.
1627 1439 1807 1518 Quae
1877 1439 2233 1526 disputatio
2301 1461 2516 1525 quum.
2547 1438 2710 1502 mihi

417 1553 559 1603 tum
606 1540 871 1603 demum
921 1540 992 1603 in
1035 1563 1267 1604 manus
1312 1540 1592 1617 veniret,
1639 1562 1841 1625 quum
1887 1563 2051 1626 opus
2097 1563 2318 1604 meum
2359 1540 2490 1603 iam
2533 1539 2710 1604 ince-

419 1640 684 1726 pissem,
712 1640 926 1726 primo
959 1641 1037 1704 ab
1068 1640 1373 1705 instituto
1405 1663 1578 1718 me0,
1602 1653 1676 1704 ut
1703 1640 1833 1704 iam
1859 1664 2367 1727 supervacane0‚
2393 1640 2708 1724 desistere
2732 1648 2737 1654 ’

420 1741 810 1826 cogitabam.
898 1740 1029 1805 Sed
1082 1741 1383 1805 libellum
1441 1741 1733 1805 Schulzii
1778 1742 2164 1828 diligentius
2207 1741 2569 1827 inspiciens
2613 1741 2712 1805 in-

417 1842 574 1906 veni
617 1865 769 1905 eum
833 1841 1004 1905 nihil
1067 1842 1198 1906 nisi
1244 1842 1812 1905 enumerationem
1859 1842 2315 1927 exemplorum
2370 1842 2709 1905 continere

417 1965 633 2027 neque
698 1965 842 2005 eam
909 1943 1064 2006 satis
1111 1955 1410 2008 accurate
1456 1943 1728 2019 factam3
1773 1966 1909 2006 non
1954 1966 2199 2029 paucos
2242 1942 2425 2007 locos
2469 1942 2709 2019 omisit,

419 2065 583 2128 quos
659 2042 889 2106 afferre
959 2042 1259 2120 debebat,
1326 2043 1488 2107 alios
1556 2043 1732 2107 inter
1786 2066 2135 2106 numerum
2180 2042 2708 2128 metaphorarum

416 2144 661 2221 retulit,
706 2143 776 2206 in
823 2143 1059 2228 quibus
1119 2143 1277 2228 quid
1319 2142 1754 2229 metaphorici
1796 2144 2063 2221 inesset,
2108 2144 2349 2207 frustra
2394 2143 2710 2229 quaesivi.

419 2243 564 2323 Quo
612 2267 814 2329 quum
859 2244 1219 2321 accederet,
1268 2244 1446 2329 quod
1473 2244 1544 2307 in
1575 2243 1690 2308 illa
1720 2244 2195 2308 conscribenda
2226 2244 2707 2321 dissertatione,

416 2358 491 2409 ut
535 2368 700 2430 quae
747 2343 986 2408 abhinc
1028 2344 1270 2430 viginti
1314 2345 1444 2408 duo
1490 2367 1699 2408 annos
1745 2345 2068 2422 ederetur,
2115 2344 2338 2409 multis
2388 2344 2711 2430 Aeschyli

415 2445 891 2531 interpretandi
938 2445 1356 2530 adjumentis,
1405 2468 1570 2531 quae
1618 2468 1796 2509 nunc
1826 2445 2164 2524 habemus,
2196 2446 2293 2510 uti
2336 2470 2473 2510 non
2502 2445 2708 2518 licuit,

397 2569 521 2615 me
566 2569 705 2609 non
749 2546 944 2633 plane
1006 2569 1270 2633 operam
1315 2570 1526 2611 meam
1556 2547 1985 2633 ,perditurum
2029 2548 2276 2634 putavi,
2323 2547 2378 2610 si
2424 2547 2708 2611 eundem

416 2646 711 2711 laborem
758 2647 1181 2733 susciperem.

1392 2870 1600 2974 Gap.
1651 2873 1747 2954 1.·
1823 2905 1824 2908 ¹

583 3050 963 3132 Antequam
1041 3047 1123 3111 ad
1196 3071 1336 3112 rem
1400 3048 1808 3134 propositam
1874 3047 2235 3134 aggrediar,
2301 3045 2529 3133 paucis
2597 3068 2708 3110 ex-

415 3172 676 3235 ponam,
725 3172 889 3234 quae
936 3147 1024 3212 sit
1064 3151 1353 3233 imayinis
1394 3149 1496 3212 vis
1531 3161 1600 3212 et
1640 3160 1891 3226 natura,
1938 3160 2005 3211 et
2049 3170 2214 3232 quae
2261 3148 2323 3210 ei
2367 3161 2442 3211 ut
2479 3147 2710 3234 generi

417 3250 750 3334 subjectae
799 3250 932 3313 sint
973 3262 1212 3335 partes,
1257 3262 1333 3313 ut
1375 3249 1734 3336 disputatio
1780 3272 1927 3312 mea
1965 3248 2223 3328 habeat,
2255 3248 2326 3312 in
2373 3271 2503 3333 quo
2547 3262 2709 3312 tam-

419 3373 614 3435 quam
657 3350 728 3413 in
772 3350 1207 3414 fundamento
1252 3351 1516 3414 nitatur.
1607 3349 1881 3413 Constat
1924 3349 2056 3412 iam
2099 3361 2357 3413 veteres
2403 3371 2708 3435 magnam

419 3474 685 3536 operam
748 3451 817 3513 in
886 3474 965 3515 eo
1021 3451 1401 3528 collocasse,
1445 3463 1521 3514 ut
1561 3450 1923 3536 imaginem
1968 3463 2036 3514 et
2080 3449 2238 3513 alias
2284 3450 2519 3514 eodem
2555 3472 2709 3538 per-

414 3552 704 3617 tinentes
747 3545 1054 3615 notiones
1101 3551 1454 3615 definirent
1496 3564 1564 3615 et
1608 3545 2049 3639 explicarer‘m
2097 3551 2274 3636 quod
2324 3548 2709 3637 praesertim

415 3653 496 3716 ab
562 3639 652 3715 iis'
708 3652 958 3716 factum
1024 3674 1166 3715 esse
1231 3652 1554 3729 videmUS,
1624 3653 1736 3737 qui
1804 3651 2056 3738 τέχνην
2110 3645 2530 3742 ῥητορικήν,
2603 3650 2710 3714 cui

412 3753 830 3839 propositum
891 3766 1047 3830 erat,
1112 3765 1188 3816 ut
1261 3753 1432 3818 be‘ne
1500 3753 1768 3830 dicendi
1833 3766 1900 3817 et
1964 3752 2297 3817 scribendi
2361 3765 2711 3838 praecepta

414 3854 620 3931 daret,
686 3853 1183 3939 profitebantur.
1292 3854 1395 3917 Hi.
1429 3854 1649 3931 enim,
1718 3877 1919 3939 quum
1993 3854 2072 3916 de
2143 3867 2376 3917 ornatu
2444 3852 2710 3936 dicendi

414 3968 706 4040 agerent,
755 3954 931 4039 quod
976 3953 1365 4040 disciplinae
1412 3977 1641 4018 eorum
1688 3956 1873 4040 quasi
1921 3968 2118 4040 caput
2160 3967 2299 4016 erat
2340 3966 2407 4017 et
2436 3976 2708 4029 summa,

417 4077 720 4140 magnam
787 4054 1250 4140 disputationis
1326 4057 1582 4142 partem
1647 4055 2069 4142 metaphoris,
2144 4054 2708 4128 similitudinibus,

416 4155 560 4218 aliis
606 4156 970 4241 imaginum
1035 4156 1389 4241 generibus
1458 4156 1814 4233 dederunt;
1872 4178 2036 4241 quae
2084 4169 2402 4240 quantum
2447 4154 2529 4218 ad
2573 4175 2710 4217 ora-

414 4255 669 4319 tionem
751 4269 1046 4320 ornatam
1125 4256 1541 4322 efficiendam
1621 4257 1937 4334 valerent,
2001 4280 2139 4320 non
2204 4250 2509 4341 poterant
2574 4277 2709 4317 non
