3134 4842
2608 175 2648 237 3

437 363 698 427 semper
761 340 1051 404 maxima
1115 363 1265 404 cum
1329 340 1633 404 libertate
1703 339 2000 417 mutavit,
2065 354 2141 404 ut
2196 341 2290 404 ita
2336 340 2733 419 ostenderet,

438 441 594 527 quid
643 441 722 505 de
770 441 1288 526 quaestionibus,
1338 463 1501 525 quae
1548 441 1779 527 generi
1809 441 2097 508 humano
2132 440 2458 504 maximae
2492 455 2731 518 essent,

434 542 576 627 ipse
647 542 941 605 sentiret.
1030 541 1150 604 Vis
1212 542 1510 626 justitiae
1570 542 1842 605 divinae
1901 554 1968 605 et
2012 539 2409 617 honestatis;
2458 542 2731 605 deorum

436 642 914 706 administratio
962 641 1194 706 mundi
1240 656 1306 705 et
1349 643 1617 707 libertas
1651 642 1890 728 agendi
1918 641 2263 705 hominum
2297 654 2364 705 et
2395 642 2730 727 quomodo

431 742 596 807 haec
642 767 792 807 cum
836 743 952 806 illa
1025 743 1410 820 conveniat3
1458 743 1794 829 quomodo
1854 743 2135 829 culpam,
2182 765 2375 827 quam
2420 743 2614 805 nimis
2662 766 2730 805 se

435 844 786 908 efferentes
819 857 886 906 et
908 845 1017 928 jus
1046 843 1374 907 violantes
1402 843 1802 907 contrahunt
1831 843 2157 921 homines,
2184 866 2403 929 poena
2425 855 2734 928 sequatur

435 958 502 1009 et
545 944 739 1030 culpa
801 944 917 1007 illa
961 967 1155 1030 saepe
1211 967 1248 1006 a
1291 944 1650 1029 majoribus
1698 944 1780 1006 ad
1823 958 2125 1030 posteros
2171 958 2496 1029 tamquam
2546 942 2730 1007 here-

434 1045 635 1109 ditate
680 1044 989 1123 tradatur,
1030 1045 1243 1108 donec
1283 1045 1581 1129 justitiae
1631 1044 1891 1108 divinae
1940 1044 2244 1122 satisfiat;
2291 1044 2626 1130 quomodo
2658 1045 2728 1108 in

430 1146 568 1210 vita
609 1145 955 1209 hominum
994 1146 1103 1230 jus
1150 1146 1442 1209 naturale
1490 1160 1557 1208 et
1593 1146 1703 1230 jus
1740 1146 1954 1223 civile,
1993 1168 2158 1230 quae
2190 1158 2526 1222 vocantur,
2557 1145 2732 1208 inter

434 1270 503 1310 se
548 1260 879 1333 pugnent:
924 1245 1087 1309 tales
1123 1260 1275 1309 sunt
1306 1224 1420 1308 eae
1453 1269 1578 1322 res,
1612 1270 1647 1308 a
1679 1246 1914 1331 quibus
1949 1246 2123 1332 apud
2151 1244 2560 1331 Aeschylum
2595 1230 2751 1309 om-’

433 1347 536 1411 nis
574 1347 951 1433 tragoediae
997 1347 1165 1410 actio
1203 1345 1663 1433 proficiscitur.
1719 1346 1962 1424 Quanti
1993 1345 2365 1431 Aeschylus
2402 1348 2728 1432 poeticam

434 1471 615 1512 suam
660 1446 1062 1524 facultatem,
1108 1461 1182 1510 ut
1202 1471 1441 1512 munus
1478 1447 1606 1511 sibi
1631 1447 1946 1510 divinitus
1977 1447 2398 1533 assignatum,
2431 1448 2730 1509 aestima-

432 1549 621 1626 verit,
687 1548 894 1612 multa
957 1547 1164 1634 ipsius
1233 1548 1408 1611 dicta
1472 1548 1756 1634 probant
1823 1549 1900 1612 ab
1959 1548 2243 1632 antiquis
2300 1548 2728 1633 scriptoribus

431 1640 684 1712 tradita.
772 1649 874 1714 Ita
905 1649 1256 1712 Pausanias
1290 1663 1506 1712 narrat
1536 1643 1587 1732 1>
1631 1647 2041 1734 Aeschylum
2082 1648 2329 1711 dixisse
2364 1648 2489 1712 sibi
2519 1671 2726 1733 puero

434 1749 764 1814 Bacchum
808 1750 877 1812 in
924 1750 1185 1813 somnio
1231 1750 1448 1813 visum
1494 1772 1637 1812 esse
1682 1750 2025 1834 imperare,
2070 1762 2145 1812 ut
2178 1749 2547 1834 tragoedias
2575 1750 2729 1812 scri-

354 1890 361 1897 ·
432 1850 635 1927 beret,
704 1863 789 1928 et,
860 1874 1060 1936 quum
1127 1863 1552 1936 experrectus
1601 1863 1795 1927 esset,
1852 1873 1920 1913 se
1966 1850 2256 1912 maxima
2297 1849 2611 1912 facilitate
2658 1849 2728 1912 id

430 1951 689 2015 fecisse.
756 1950 941 2015 Haec
988 1963 1055 2014 et
1101 1951 1225 2014 alia
1255 1952 1490 2015 eodem
1524 1951 1906 2036 spectantia,
1940 1973 2104 2036 quae
2139 1950 2217 2013 de
2252 1973 2331 2013 eo
2365 1963 2725 2026 narrantur,

433 2052 689 2116 etiamsi
732 2051 886 2115 ficta
942 2064 1114 2129 sunt,
1160 2066 1381 2115 tamen
1428 2052 1630 2138 digna
1672 2065 1843 2129 sunt,
1892 2074 2056 2136 quae
2106 2063 2725 2128 commemorentur,

432 2175 633 2238 quum
700 2175 788 2215 ex
855 2152 936 2215 iis
1004 2172 1330 2239 appareat,
1398 2152 1557 2238 quid
1624 2152 1704 2216 de
1751 2166 1886 2216 arte
1931 2150 2253 2237 Aeschyli
2297 2152 2425 2237 ipsi
2468 2165 2725 2215 veteres
2789 2183 2797 2191 ·

422 2253 886 2338 judicaverint.

601 2354 768 2417 Cum
834 2353 955 2417 hac
1023 2353 1312 2416 elatione
1381 2352 1605 2430 animi,
1673 2353 1953 2437 quaein
1997 2353 2356 2438 tragoediis
2401 2352 2725 2437 Aeschyli

434 2443 739 2519 omnibus
783 2453 950 2519 locis
994 2453 1187 2531 inest,
1243 2452 1440 2517 etiam
1485 2454 1705 2531 verba,
1753 2453 1987 2539 quibus
2031 2453 2301 2517 indutae
2350 2467 2520 2530 sunt,
2565 2468 2725 2516 tam·

435 2577 628 2639 quam
691 2555 893 2618 vestis
958 2554 1219 2641 corpori
1285 2567 1434 2640 apta
1500 2556 1893 2640 congruunt.
1994 2553 2087 2618 Ut
2152 2554 2327 2616 enim
2394 2554 2464 2616 in
2530 2554 2723 2617 rebus
2793 2552 2808 2563 ‘

437 2655 765 2719 altissimis
832 2668 900 2719 et
964 2677 1160 2741 supra
1208 2655 1412 2717 vitam
1458 2654 1908 2739 quotidianam
1956 2677 2148 2739 quam
2196 2654 2480 2718 maxime
2535 2654 2722 2717 elatis

434 2769 745 2833 versatur,
808 2755 903 2819 ita
966 2779 1208 2842 genere
1268 2755 1533 2819 dicendi
1577 2755 1803 2833 utitur,
1851 2754 2030 2840 quod
2076 2778 2113 2818 a
2157 2754 2492 2818 communi
2539 2777 2720 2817 more

356 2918 365 2927 ,
434 2856 713 2920 discedit
779 2870 845 2921 et
889 2879 1150 2942 semper
1205 2869 1500 2920 sanctum
1548 2856 1797 2941 aliquid
1842 2871 1910 2919 et
1954 2856 2138 2941 quasi
2184 2856 2458 2919 solenne
2504 2854 2721 2919 habet.

430 2957 607 3020 Huic
632 2970 1153 3021 consentaneum
1184 2970 1301 3034 est,
1336 2957 1515 3042 quod
1537 2980 1893 3042 numquam
1920 2957 2230 3033 elaborat,
2254 2970 2329 3019 ut
2355 2955 2721 3020 orationem

428 3058 705 3143 politam
752 3071 818 3121 et
861 3058 1125 3122 facilem
1171 3057 1446 3134 efficiat3
1495 3058 1719 3121 omnia
1762 3081 1841 3121 eo
1888 3057 2110 3135 refert,
2154 3070 2228 3120 ut
2272 3057 2471 3120 etiam
2504 3057 2721 3120 verbis

428 3158 868 3244 granditatem
913 3159 1238 3243 quandam
1283 3172 1350 3222 et
1393 3159 1804 3243 majestatem
1837 3158 2178 3234 conciliet;
2226 3181 2420 3243 quam
2449 3171 2524 3220 ut
2554 3180 2723 3220 asse-

430 3273 681 3344 quatur,
727 3281 923 3344 saepe
971 3282 1008 3321 a-
1050 3282 1231 3322 more
1278 3259 1517 3323 tradito
1566 3259 1888 3322 sermonis
1927 3258 2160 3322 Graeci
2191 3272 2257 3322 et
2285 3259 2354 3321 in
2383 3257 2720 3322 vocabulis

429 3373 497 3424 et
538 3360 609 3424 in
655 3359 996 3423 structuris
1028 3359 1457 3424 audacissime
1491 3360 1790 3423 discedit.
1880 3357 2287 3445 Quamquam
2316 3359 2518 3444 igitur
2548 3357 2721 3444 apud

429 3483 580 3524 eum
627 3460 947 3524 suavitate
1014 3472 1082 3523 et
1144 3473 1488 3524 venustate
1536 3481 1850 3537 caremus,
1895 3459 2041 3524 fieri
2085 3484 2223 3523 non
2267 3473 2507 3545 potest,
2561 3459 2720 3544 quin

426 3562 527 3625 vis
597 3560 910 3626 dictionis
978 3562 1119 3645 ejus
1190 3585 1419 3624 omnes
1478 3560 1777 3647 legentes
1821 3560 2250 3624 veneratione
2297 3559 2561 3625 afficiat.
2632 3559 2722 3622 Et

430 3662 484 3725 si
530 3662 636 3726 cui
702 3660 1035 3725 interdum
1102 3662 1301 3725 durus
1357 3675 1424 3726 et
1469 3662 1783 3728 obscurus
1830 3675 2023 3746 atque
2070 3661 2267 3724 etiam
2304 3661 2574 3746 jejunus
2626 3660 2719 3722 vi-

433 3761 638 3840 detur,
706 3785 843 3825 non
910 3775 1012 3826 est
1089 3762 1617 3827 obliviscendum
1683 3762 2118 3847 granditatem
2183 3761 2365 3824 illam
2430 3786 2567 3825 non
2634 3784 2720 3823 ex

569 3938 610 4003 ¹)
646 3942 869 3991 Pausan.
927 3943 971 4001 1,
1025 3943 1106 4001 21,
1161 3943 1212 3991 3:
1267 3939 1376 4007 ἔφη
1431 3939 1493 3991 δὲ
1545 3933 1829 4007 Αἰσχύλος
1879 3934 2173 4006 μειράκιον
2208 3933 2287 3990 ὧν
2323 3908 2625 3990 zavasiwsw
2660 3936 2724 3988 ἓν

428 4019 585 4093 ἀγρῷ
611 4019 923 4090 φυλάσσων
947 4020 1252 4091 σταφυλὰς,
1274 4027 1368 4075 καί
1388 4023 1444 4075 οἵ
1468 4017 1750 4075 Διόνυσον
1776 4017 2079 4075 ἐπιστάντα
2108 4022 2365 4074 κελεῦσαι
2397 4021 2721 4090 τραγῳδίαν

428 4110 648 4160 ποιεῖν·
685 4102 760 4167 ὠς
794 4107 858 4159 δὲ
892 4098 962 4174 ἦν
1013 4103 1211 4175 ἡμέρα,
1251 4110 1554 4159 πείθεσθαι
1588 4104 1698 4176 γὰρ
1736 4105 1973 4173 ἐθέλειν,
2011 4105 2185 4175 ῥᾷστα
2224 4098 2328 4171 ἤδη
2376 4101 2721 4176 πειρώμενος

427 4207 628 4244 nocem.
