3134 4842
500 221 581 283 60

411 386 784 462 tractandas
833 408 1008 449 nunc
1055 408 1157 448 me
1205 399 1538 448 converto,
1629 384 1837 462 Quam
1882 383 2150 468 quidem
2183 383 2698 467 disputationem

412 489 504 551 ita
547 487 890 551 instituere
939 499 1161 571 aptum
1206 484 1370 548 mihi
1413 486 1694 561 videtur,
1741 498 1815 549 ut
1858 484 2139 570 primum
2190 507 2302 547 eos
2347 483 2551 560 loc08,
2586 485 2700 569 qui

416 578 621 674 magis
699 587 1005 651 universe
1083 603 1377 649 naturam
1441 586 1798 649 bestiarum
1867 598 2184 670 spectant,
2250 607 2698 670 percenseam,

417 689 656 752 deinde
706 688 785 751 ad
832 711 965 764 eos,
1011 688 1076 749 in
1126 687 1362 771 quibus
1396 687 1692 771 singulae
1723 685 1973 749 bestiae
2004 685 2449 761 nominantur,
2481 707 2699 770 perse-

416 790 711 874 quendos
756 788 1199 874 transgrediar
1242 800 1435 872 atque
1482 809 1561 850 eo
1608 786 1875 871 quidem
1923 785 2173 862 ordine,
2218 800 2292 849 ut
2319 786 2398 849 ab
2429 785 2702 850 inferio-

413 890 591 953 ribus
635 889 865 953 bestiis
912 911 1172 974 semper
1215 888 1295 951 ad
1341 888 1713 973 superiores
1758 887 2032 972 gradum
2075 886 2331 950 faciam.

583 994 611 1073 ξ
638 992 694 1053 1.
743 989 986 1052 Prioris
1018 989 1279 1074 generis
1310 989 1632 1073 imagines
1665 1011 1797 1051 non
1830 987 2065 1050 multas
2089 987 2335 1050 inveni.
2404 986 2695 1049 Primum

413 1091 578 1154 illud
644 1090 1102 1176 pervulgatum
1157 1112 1606 1153 commemoro
1676 1111 1808 1164 eOS,
1877 1089 1986 1172 qui
2047 1088 2224 1150 saevi
2269 1110 2341 1150 ac
2395 1086 2698 1151 crudeles

414 1192 563 1267 sint,
629 1192 801 1254 feras
860 1190 1082 1253 vocari
1138 1191 1244 1252 vel
1299 1190 1590 1252 animum
1647 1190 1932 1252 ferarum
1977 1188 2218 1252 habere
2265 1188 2415 1251 dici.
2503 1187 2695 1251 Eum.

414 1294 539 1354 (344
603 1291 851 1377 Apollo
918 1291 1147 1354 Furias
1207 1290 1495 1375 appellat
1535 1287 1956 1375 παντομισῆ
2003 1282 2376 1354 κνώδαλα.
2469 1288 2698 1374 Suppl.

416 1394 536 1455 762
582 1393 661 1456 de
708 1390 861 1455 filiis
909 1391 1234 1477 Aegypti:
1293 1386 1393 1467 ὥς
1445 1386 1567 1456 καὶ
1613 1390 1961 1475 ματαίων
1994 1381 2341 1464 ,ἀνοσίων
2388 1409 2463 1455 τε
2503 1409 2697 1454 κνω-

414 1487 669 1558 δάλων
749 1491 1054 1578 ἔχοντας
1128 1487 1358 1581 ὀργὰς
1426 1486 1575 1580 χρὴ
1652 1486 2180 1584 φυλάσσεσθαι
2251 1484 2545 1582 κράτος.
2612 1529 2700 1537 -

330 1653 333 1656 ,
413 1594 650 1671 Aliter,
718 1595 834 1656 sed
891 1592 1378 1678 elegantissime
1434 1593 1723 1678 imagine
1767 1592 1946 1654 ferae
1992 1615 2146 1655 usus
2194 1605 2294 1654 est
2336 1595 2465 1678 Ag.
2511 1591 2697 1667 1063,

412 1695 525 1758 ubi
572 1694 809 1758 chorus
856 1717 1071 1757 mores
1119 1693 1518 1758 Cassandrae
1552 1694 2029 1756 contumaciter
2059 1716 2127 1755 se
2158 1695 2450 1778 gerentis
2479 1714 2697 1777 neque

413 1796 691 1881 imperio
750 1795 1311 1878 Clytaemnestrae
1371 1818 1599 1880 parere
1645 1793 1932 1857 volentis
1988 1793 2166 1856 ferae
2213 1817 2424 1881 nuper
2469 1806 2697 1880 captae

415 1897 662 1960 similes
731 1896 917 1959 dicit:
988 1888 1264 1982 τρόπος
1316 1890 1392 1960 δὲ
1452 1889 1693 1981 θηρὸς
1745 1888 1849 1969 ὥς
1898 1893 2299 1982 νεαιρέτου.
2367 1934 2450 1943 --
2509 1895 2700 1957 Prae·

415 1998 639 2061 sertim
670 1997 768 2060 vis
801 1998 1100 2072 vastandi,
1126 1991 1432 2081 perdendi
1458 1995 1817 2070 vocabuliS,
1851 2017 2013 2078 quae
2048 1995 2126 2058 ad
2158 1995 2399 2059 bestias
2431 2016 2700 2081 rapaces

413 2098 674 2184 proprie
730 2096 1124 2185 referuntur,
1181 2096 1580 2183 designatur.
1681 2095 1782 2159 Ita
1823 2094 2095 2158 fiumina
2137 2096 2352 2181 ignea,
2401 2119 2564 2181 quae
2614 2118 2700 2158 ex

414 2202 635 2261 Aetna
679 2211 902 2260 monte
942 2191 1321 2282 erumpunt,
1355 2220 1507 2260 arva
1539 2196 1800 2260 Siciliae
1834 2196 2042 2258 saevis
2083 2197 2412 2272 dentibu8‚
2446 2197 2704 2261 scilicet

411 2315 745 2383 tamquam
792 2299 930 2360 fera
975 2297 1302 2384 praedam,
1347 2298 1615 2373 laniant,
1665 2297 1879 2391 IJrom.
1919 2298 2076 2372 ,3682
2110 2293 2438 2382 ποταμοὶ
2465 2289 2705 2384 πυρὸς

413 2393 817 2474 δάπτοντες
877 2390 1171 2490 άγριάις
1234 2393 1556 2486 γνάθοις
1624 2398 1746 2484 τῆς
1794 2391 2305 2488 καλλικάρπου
2355 2395 2703 2473 Σικελίας

412 2493 722 2588 λευροὺς
777 2492 980 2588 γύας.
1072 2499 1344 2584 Saepius
1391 2500 1699 2563 translate
1747 2512 2097 2583 usurpatur
2139 2499 2266 2562 hoc
2303 2500 2698 2565 vocabulum

415 2595 709 2689 γνάθος
749 2600 1037 2674 mcv-mill&
1091 2599 1267 2684 quod
1311 2600 1469 2663 licet
1514 2601 1710 2662 etiam
1756 2600 1823 2662 in
1870 2599 2247 2663 hominibus
2295 2600 2555 2687 proprie
2604 2599 2699 2663 di-

415 2717 615 2780 catur,
681 2706 921 2776 tamen,
968 2724 1165 2785 quum
1226 2701 1317 2764 ita
1361 2702 1770 2775 transfertur,
1815 2715 1890 2762 ut
1936 2701 2229 2776 vastati0‚
2277 2701 2696 2787 consumptio

411 2804 760 2878 indicetur,
800 2802 1152 2888 imaginem
1189 2802 1436 2865 bestiae
1469 2801 1723 2864 voracis
1759 2801 2091 2863 obversari
2116 2802 2262 2884 jure
2298 2801 2700 2867 contendere

410 2894 576 2970 “mihi
606 2904 858 2966 videor.
882 2941 965 2949 —-
988 2901 1157 2987 Igni,
1191 2903 1376 2986 cujus
1407 2902 1505 2965 vis
1536 2902 1606 2964 in
1637 2901 2040 2964 absumendo
2074 2903 2380 2980 cernitur,
2406 2896 2705 2990 γνάθος

414 3005 724 3069 tribuitur
768 3002 1062 3087 Choeph.
1110 3003 1262 3065 325:
1311 2996 1669 3095 φρόνημα
1701 3004 1835 3067 τοῦ
1870 2996 2241 3088 θανόντος
2270 2996 2361 3069 οὐ
2393 2996 2700 3087 δαμάζει

416 3100 649 3192 πυρὸς
697 3097 991 3190 μαλερὰ
1049 3096 1363 3187 γνάθος.
1424 3143 1510 3150 -
1569 3103 1735 3165 Item
1780 3103 2175 3190 impetigini,
2223 3127 2389 3189 quae
2436 3127 2698 3168 carnem

412 3222 744 3291 tamquam
772 3204 1016 3280 exedit,
1044 3202 1338 3289 Choeph.
1365 3205 1505 3267 280:
1534 3205 1834 3296 σαρκῶν
1857 3200 2386 3293 ἐπαμβατῆρας
2407 3198 2700 3293 άγρίαις

416 3302 735 3394 γνάθοις
786 3305 1120 3393 λειχῆνας
1173 3300 1615 3382 ἐξέσθοντας
1644 3296 1961 3392 ἀρχαίαν
2006 3299 2254 3399 φύσιν.
2280 3346 2358 3356 --
2386 3306 2538 3369 Non
2573 3305 2699 3368 dis-

416 3408 615 3471 simili
680 3407 932 3470 ratione
986 3399 1278 3494 γνάθος
1321 3407 1400 3469 ad
1447 3419 1708 3469 acutum
1758 3405 2000 3469 ferrum
2047 3407 2437 3471 transfertur
2483 3407 2697 3469 Prom.

416 3512 524 3572 ⁴54:
571 3503 1077 3592 ἀδαμαντίνου
1130 3508 1262 3572 νῦν
1316 3501 1602 3600 σφηνὸς
1653 3498 1963 3592 αὐθάδη
2019 3502 2321 3596 γνάθον
2375 3506 2701 3593 στέρνων

415 3604 746 3694 διαμπὰξ
793 3600 1214 3675 πασσάλευ’
1277 3602 1736 3696 ἐρρωμένως.
1846 3611 2149 3673 Acumen
2220 3608 2413 3672 cunei
2478 3607 2700 3683 ferrei,

417 3736 545 3796 quo
594 3711 930 3773 Vulcanus
976 3723 1206 3795 pectus
1256 3708 1632 3772 Promethei
1678 3709 2022 3796 transfigit,
2071 3704 2364 3798 γνάθος
2405 3722 2698 3783 vocatur,

417 3813 659 3899 quippe
728 3811 903 3897 quod
966 3811 1238 3874 vulnere
1309 3834 1426 3873 suo
1494 3810 1554 3872 ei
1616 3825 1947 3895 tamquam
2004 3834 2291 3875 morsum
2345 3810 2699 3896 imprimat.

417 3913 797 3999 Comparari
843 3925 1082 3998 potest,
1129 3911 1303 3996 quod
1350 3908 1560 3998 γένυς
1610 3915 1839 3976 securis
1885 3925 1984 3975 est
2014 3911 2211 3998 Soph.
2245 3910 2345 3973 El.
2383 3913 2521 3987 196,
2553 3911 2696 3974 485.

418 4014 584 4077 Phil.
654 4014 835 4077 1205.
925 4012 1097 4075 Vide
1156 4012 1352 4075 etiam
1401 4035 1496 4089 ea,
1544 4034 1708 4096 quae
1753 4011 1926 4074 infra
1970 4025 2345 4097 sequentur,
2394 4011 2704 4096 exempla

415 4115 561 4178 talis
606 4138 762 4178 usus
807 4114 1160 4176 verborum
1204 4114 1480 4177 mordere
1524 4112 2056 4197 significantium,
2088 4129 2161 4177 ut
2194 4113 2465 4177 omnino
2501 4114 2700 4175 vulne-

416 4239 556 4279 rare
620 4214 935 4278 indicent.
1046 4214 1259 4291 Quum
1327 4214 1453 4275 iam
1521 4214 1592 4276 in
1659 4237 1737 4275 eo
1795 4236 2151 4291 versemur,
2196 4230 2271 4278 ut
2312 4214 2696 4277 translatum

2691 4307 2718 4344 t
