3134 4842
504 238 591 300 44

424 398 500 470 ἐν
565 398 642 469 δὲ
706 403 806 495 τῇ·
856 396 1069 470 πόλει
1124 397 1256 491 τὴν
1308 402 1569 498 φιλίαν
1619 396 2027 491 ἀναγκαῖον
2080 397 2317 491 ὑδαρῆ
2366 398 2711 491 γίνεσθαι

424 498 546 571 διὰ
597 504 994 570 κοινωνίαν
1052 498 1183 591 τὴν
1237 499 1609 594 τοιαύτην.
1711 505 1950 570 Schiitz
1995 504 2210 568 minus
2255 505 2425 569 bene
2461 498 2723 593 ὑδαρεῖ

424 607 505 670 de
571 606 1040 670 benevolentia
1103 605 1377 670 humore
1425 629 1510 670 ex
1565 606 1771 670 oculis
1818 605 2105 670 stillante
2152 605 2412 692 prodita
2456 604 2705 669 dictum

422 707 710 793 putabat.
779 744 864 754 —-
929 706 1079 770 Huc
1144 707 1451 793 pertinet,
1518 708 1576 770 si
1641 707 1836 771 modo
1905 730 2099 771 sanus
2146 719 2264 784 est,
2311 705 2477 769 alius
2520 706 2705 770 locus

426 807 603 893 Sept.
662 808 813 870 985:
880 800 1147 898 δίυγρα
1200 801 1629 896 τριπάλτων
1679 795 2069 894 πηματών,
2115 807 2227 892 qui
2270 819 2493 871 tamen
2540 807 2708 890 ejus-

423 908 604 971 modi
670 921 788 981 cst,
854 922 928 971 ut
991 908 1146 972 inde
1214 909 1393 973 nulla
1458 908 1817 995 probabilis
1885 909 2214 972 sententia
2271 907 2422 971 elici
2476 907 2707 993 possit.

423 1002 690 1099 δίυγρα
755 1007 1203 1094 metaphorico
1271 1032 1469 1073 sensu
1536 1009 1991 1095 accipiendum
2050 1022 2115 1073 et
2172 1008 2352 1071 malis
2393 1020 2709 1092 tamquam

417 1109 770 1195 perfusum,
816 1107 861 1173 i.
890 1110 967 1173 ‘e.
1004 1110 1192 1195 plane
1234 1111 1517 1175 obrutum
1562 1108 1933 1197 significare
1979 1110 2260 1173 videtur.
2350 1108 2479 1172 Sed
2522 1108 2707 1172 locus

426 1210 568 1273 sine
617 1209 816 1272 dubio
863 1224 1206 1296 corruptus
1255 1225 1356 1275 est
1399 1234 1614 1296 neque
1648 1210 1927 1274 multum
1959 1209 2300 1297 proficitur
2330 1209 2711 1294 conjectura

426 1310 791 1374 Hermanni
836 1304 1102 1399 δίυγρα
1153 1305 1460 1399 πήματα
1509 1303 1950 1396 παλμάτων.
2041 1310 2406 1375 Scholiasta
2443 1304 2711 1398 δίυγρα

426 1411 742 1496 explicat:
788 1409 1031 1487 ζῶντα
1082 1405 1386 1499 πήματα
1429 1405 1757 1499 χεόμενα
1805 1407 1927 1478 καὶ
1977 1405 2250 1494 πολλά,
2305 1433 2469 1496 quae
2504 1411 2711 1496 expli-

426 1512 598 1574 catio
645 1511 803 1597 quid
849 1512 976 1576 sibi
1020 1513 1201 1591 velit,
1247 1514 1625 1601 intelligere
1673 1537 1806 1577 non
1853 1536 2141 1599 possum.

592 1611 818 1699 Imago
869 1613 1118 1699 fluendi
1183 1615 1260 1677 ad
1309 1629 1559 1678 motum
1608 1614 2039 1698 aequabilem,
2084 1636 2218 1676 non
2264 1612 2709 1676 intermissum

429 1712 934 1799 exprimendum
1002 1728 1153 1801 apta
1219 1728 1346 1791 cst3
1415 1715 1507 1779 sic
1577 1715 1658 1778 de
1713 1729 2010 1801 tempore
2068 1714 2472 1801 procedente
2517 1712 2710 1776 Eum.

427 1814 577 1877 853:
635 1808 1056 1902 οὑπιρρέων
1107 1810 1251 1905 γὰρ
1308 1809 1749 1907 τιμιώτερος
1788 1809 2071 1904 χρόνος
2122 1815 2323 1882 ἔσται
2376 1811 2714 1889 πολίταις

428 1909 692 1981 τοῖσδε.
755 1954 841 1963 -
906 1910 1293 2004 ἕπίρρυτος
1360 1917 1489 1981 vim
1554 1918 1945 1993 abundanti-3,
2000 1917 2204 1981 uberis
2256 1915 2515 2002 accipit,
2563 1914 2714 1998 quia

426 2015 603 2079 rivus
672 2017 813 2079 sine
879 2017 1366 2082 intermissione
1434 2018 1767 2108 profluens
1826 2019 2229 2083 obversatur.
2316 2016 2509 2079 Eum.
2557 2017 2710 2079 907:

425 2109 713 2204 καρπόν
790 2137 866 2181 τε
941 2119 1156 2205 γαίας
1213 2113 1336 2184 καὶ
1386 2116 1648 2200 βοτῶν
1699 2114 2115 2207 ἐπίρρυτον.
2159 2156 2245 2165 —-
2290 2116 2469 2195 Quae
2521 2115 2714 2179 vehe-

428 2231 684 2281 menter
726 2233 1181 2303 prorumpunt,
1229 2243 1377 2282 cum
1407 2231 1668 2284 torrente
1698 2234 2187 2306 comparantur;
2234 2219 2327 2281 sic
2359 2216 2712 2281 multitudo

427 2318 747 2381 malorum
815 2333 1084 2405 propter
1149 2319 1657 2397 vehementiam,
1726 2344 1851 2405 qua
1916 2321 2252 2405 ingruunt,
2320 2332 2393 2382 ut
2457 2332 2712 2382 torrens

426 2419 738 2482 invadere
786 2419 1043 2484 dicitur.
1143 2420 1368 2507 Suppl.
1415 2423 1567 2485 469:
1613 2423 1864 2486 κακῶν
1907 2415 1986 2487 δὲ
2028 2415 2329 2504 πλῆθος
2373 2412 2715 2502 ποταμὸς

429 2515 533 2595 ὥς
583 2516 979 2608 ἐπέρχεται.
1033 2560 1118 2569 -
1173 2522 1380 2607 Saepe
1439 2523 1657 2609 imago
1709 2522 1999 2610 fluminis
2060 2523 2137 2586 ad
2184 2521 2443 2584 hostem
2490 2543 2715 2606 aggre-

428 2621 720 2685 dientem
763 2621 1141 2698 adhibetur;
1189 2623 1270 2685 de
1303 2647 1542 2709 magno
1577 2613 1892 2700 exercitu,
1927 2622 2147 2708 qui'ad
2182 2621 2442 2684 moenia
2474 2620 2712 2704 Trojae

429 2722 699 2798 accedit,
749 2722 927 2808 Sept.
976 2724 1087 2786 80:
1119 2719 1239 2812 ῥεῖ
1269 2717 1504 2800 πολὺς
1533 2718 1662 2790 ὅδε
1690 2717 1900 2800 λεώς.
1932 2761 2017 2771 —-
2045 2722 2233 2786 Idem
2265 2744 2522 2809 agmen,
2556 2721 2713 2784 dum

426 2823 694 2900 incedit,
739 2822 831 2887 ita
874 2823 1157 2887 frem‘ere
1206 2825 1462 2898 dicitur,
1509 2839 1584 2888 ut
1625 2839 1882 2888 torrens
1927 2824 2279 2900 violentus,
2326 2822 2438 2908 qui
2482 2844 2714 2907 rupem

427 2923 601 2987 ferit.
698 2923 875 3009 Sept.
924 2925 1032 2987 85:
1099 2923 1356 3012 βρέμει
1420 2922 1466 2991 δ
1480 2917 1887 3011 ’ἀμαχέτου
1938 2920 2144 2990 δίκαν
2207 2917 2478 2999 ὕδατος
2536 2915 2715 3011 ὀρο-

432 3017 687 3090 τύπου.
755 3063 835 3071 -
904 3018 1055 3114 ῥεῖν
1110 3024 1190 3088 de
1246 3025 1433 3089 hoste
1480 3026 1549 3088 in
1596 3027 1825 3090 urbem
1869 3026 2162 3089 irruente
2209 3024 2477 3111 ponitur
2535 3023 2712 3109 Sept.

429 3125 579 3189 556:
628 3120 711 3201 ὃς
753 3116 892 3190 οὐκ
934 3117 1129 3191 ἐάσει
1175 3123 1528 3214 γλῶσσαν
1572 3120 1972 3214 ἐργμάτων
2016 3123 2191 3212 ἄτερ
2239 3125 2411 3191 εἴσω
2457 3121 2715 3191 πυλῶν

430 3221 748 3313 ῥέουσαν
800 3218 1172 3292 ἀλδαίνειν
1221 3221 1433 3292 κακά.
1536 3228 1645 3290 Ad
1692 3227 2173 3314 Parthenopaei
2215 3226 2716 3313 magniloquen-

427 3329 584 3391 tiam
650 3328 1056 3391 illudendam
1125 3352 1257 3392 non
1324 3329 1487 3414 ipse,
1545 3329 1660 3392 sed
1715 3329 1943 3415 lingua
1987 3329 2126 3412 ejus
2171 3328 2240 3390 in
2288 3327 2516 3390 urbem
2564 3321 2716 3413 ῥεῖν

429 3443 496 3493 et
540 3429 710 3492 mala
765 3452 1001 3515 augere
1050 3428 1306 3506 dieitur,
1352 3444 1684 3515 tamquam
1729 3429 1893 3494 haec
1938 3429 2144 3516 magis
2192 3452 2384 3514 quam
2428 3427 2571 3513 ipse
2616 3427 2717 3489 vir

428 3530 722 3593 timenda
782 3530 884 3593 sit.
987 3530 1282 3617 Imagine
1331 3529 1620 3593 fluminis
1670 3530 1915 3617 optime
1965 3530 2277 3594 convenit
2320 3521 2716 3615 ἐργμάτων

427 3627 632 3720 ἄτερ,
697 3632 878 3694 nullis
943 3633 1267 3716 ayyeribus
1330 3634 1646 3716 oppositi-3.
1762 3631 1933 3695 Vide
2005 3631 2181 3694 Pers,
2236 3631 2342 3693 88:
2404 3622 2715 3715 μεγάλῳ

431 3725 742 3823 ῥεύματι
798 3733 1110 3825 φωτῶν,
1159 3733 1239 3796 de
1289 3755 1416 3817 quo
1464 3732 1612 3795 loco
1658 3732 1847 3817 plura
1891 3733 2063 3796 inter
2106 3731 2426 3826 imagines
2474 3754 2510 3792 a
2557 3729 2717 3793 mari

429 3835 666 3920 petitas
715 3832 1028 3896 dicemus.
1051 3872 1137 3880 —-
1161 3834 1259 3896 De
1294 3833 1498 3897 classe
1538 3832 1881 3896 Persarum
1916 3833 2092 3896 Pers,
2124 3833 2280 3894 412:
2330 3825 2419 3896 τὰ
2450 3831 2717 3919 πρῶτα

422 3934 562 4019 μέν
606 3956 734 4000 νυν
788 3927 1028 4021 ῥεῦμα
1073 3932 1449 4020 Περσικοῦ
1492 3935 1842 4021 στρατοῦ.
1932 3932 2181 3995 Tamen
2214 3931 2376 3995 haec
2405 3933 2715 3995 torrentis

428 4037 667 4122 imago,
714 4058 878 4121 quae
926 4034 1005 4097 de
1066 4035 1360 4098 exercitu
1405 4033 1666 4098 infestis
1713 4034 1915 4121 signis
1963 4033 2388 4119 aggrediente
2433 4032 2719 4096 usitatis-

431 4136 593 4199 sima
660 4151 778 4212 est,
854 4136 1072 4199 minus
1140 4136 1311 4199 bene
1381 4135 1593 4210 classi,
1663 4157 1825 4220 quae
1892 4133 2059 4197 nihil
2117 4134 2244 4197 nisi
2288 4134 2422 4197 vim
2467 4134 2715 4197 illatam

431 4237 750 4315 defendit,
819 4235 1173 4300 convenire
1234 4236 1513 4299 videtur.
1605 4235 1807 4299 Recte
1853 4236 2055 4322 igitur
2096 4248 2259 4320 puto
2305 4234 2713 4298 Meinekium
