3134 4842
2551 173 2703 236 19·

402 358 786 411 occurrunt.
833 366 843 373 ⁴
888 345 992 426 ,Ut
1059 328 1363 430 exempla
1420 342 1715 420 afferam,
1777 355 1879 406 tot
1920 338 2343 425 metaphorae
2383 338 2522 402 u'no
2565 337 2714 402 loco

401 447 800 525 cumulatae,
850 458 1012 532 quot
1044 434 1383 509 wdemus'
1375 433 1504 531 Ag
1536 469 1625 508 vv
1655 444 1988 508 740—743
2019 454 2086 506 et
2115 441 2467 518 895—901,
2500 462 2716 524 neque

402 547 564 613 alibi
631 547 811 633 apud
878 545 1288 631 Aeschylum
1350 568 1570 630 neque
1627 558 1804 609 certe
1859 544 2033 630 apud
2078 541 2277 604 alium
2323 563 2648 626 quemqua

400 662 675 735 poetam
732 647 1062 711 Graecum
1117 632 1565 710 inveniuntur.
1652 645 1837 708 Haec
1882 641 2373 731 magnificentia
2419 654 2487 704 et
2529 664 2717 727 gran-

403 749 609 814 ditas‘·
648 748 966 813 dictionis
1035 748 1117 816 ad
1185 770 1329 811 eam
1391 747 1788 811 elationem
1809 745 2012 808 animi
2057 742 2550 808 accommodata
2597 753 2715 819 est,

407 873 628 935 quam·
674 848 1021 936 tragoedia
1084 849 1199 911 illa
1251 848 1407 937 inde
1455 871 1491 910 a
1535 847 1747 933 primo
1795 869 1987 909 versu
2031 865 2238 929 usque
2287 843 2367 906 ad
2409 843 2648 905 ultimu

409 951 635 1037 spirat.
722 950 1067 1034 Nusquam
1128 949 1521 1034 cupiditates
1582 959 1650 1010 et
1695 946 1942 1011 scelera
1985 945 2349 1021 hominum,
2395 965 2717 1027 nusquam

408 1051 906 1115 vicissitudines
952 1048 1258 1112 fortunae
1292 1048 1616 1111 humanae
1642 1048 1902 1134 gravius
1928 1059 1994 1110 et
2027 1046 2105 1110 ad
2142 1045 2394 1108 animos
2433 1066 2718 1107 commo·
2781 1083 2828 1111 ,-

410 1146 671 1215 vendos
718 1151 928 1237 aptius
962 1150 1454 1225 describuntur3
1501 1171 1824 1233 nusquam
1855 1148 2186 1234 graviores
2224 1134 2717 1209 et'excelsiores

255 1268 265 1277 ·
306 1258 315 1263 “
416 1252 785 1316 sententiae
832 1275 868 1314 a
913 1251 1111 1314 choro
1143 1250 1671 1336 pronuntiantur.
1756 1247 1880 1312 Cui
1911 1247 2243 1312 altitudini
2271 1269 2489 1308 rerum
2518 1246 2721 1310 verba

417 1365 553 1415 tam
599 1365 749 1437 apta
791 1365 955 1415 sunt
990 1364 1057 1414 et
1101 1350 1559 1451 congruentia,
1599 1361 1675 1413 ut
1720 1372 1796 1412 ea
1825 1371 1929 1412 res
1957 1349 2137 1434 ipsae
2169 1347 2527 1433 peperisse
2524 1346 2719 1409 vide·

419 1465 632 1516 antur.
722 1453 851 1516 Sed
899 1448 1093 1515 etiam
1141 1452 1303 1514 aliae
1349 1442 1636 1514 rationes
1675 1449 1950 1535 reperiri
1980 1461 2277 1552 possunt,
2312 1470 2427 1511 cur
2457 1446 2719 1532 quibus-

419 1552 572 1616 dam
615 1551 780 1615 locis
827 1551 1347 1638 Agamemnonis
1385 1549 1761 1636 Aeschylus
1806 1546 2099 1613 oratione
2141 1548 2539 1634 imaginibus
2585 1570 2719 1611 cre-

414 1652 641 1715 briore
696 1675 853 1715 usus
900 1652 1012 1727 sit;
1068 1650 1252 1715 velut
1284 1672 1496 1736 quum
1542 1650 1777 1715 chorus
1823 1630 2326 1743 praesensiones
2372 1671 2519 1712 suas
2565 1647 2721 1711 mali

308 1775 311 1781 ·
410 1748 632 1815 futuri
694 1765 868 1816 tecte
937 1765 1003 1816 et
1056 1775 1176 1838 per
1218 1753 1521 1839 ambages
1570 1750 1916 1838 significat,
1964 1750 2115 1835 quia
2161 1773 2269 1813 eas
2313 1748 2558 1835 palam·
2572 1771 2720 1833 pro·

418 1853 724 1917 nuntiare
780 1876 914 1916 non
962 1850 1176 1917 audet.
1263 1853 1491 1916 Multis
1535 1852 2006 1938 interpretibus
2055 1849 2407 1914 offensioni
2450 1849 2721 1912 fuer'unt

360 1954 365 1955 ⁷
422 1954 779 2017 cumulatio
836 1954 950 2017 illa
992 1953 1541 2040 metaphorarum,
1591 1976 1784 2038 quam
1837 1954 1966 2038 Ag:
2014 1952 2345 2016 895—901
2394 1950 2719 2034 Clytaem-

421 2067 641 2117 nestra
684 2054 1013 2118 marituma
1036 2078 1121 2117 ex
1163 2054 1341 2118 bello
1385 2054 1697 2118 reducem
1743 2040 2028 2116 salutans
2074 2050 2379 2128 effundit3
2427 2050 2561 2127 sed,
2593 2050 2721 2114 nisi

419 2153 633 2232 fallor,
692 2150 1068 2241 Aeschylus
1115 2178 1193 2218 eo
1242 2154 1518 2218 consilio
1566 2177 1710 2218 eam
1754 2154 1846 2217 ita
1888 2153 2273 2238 loquentem
2326 2151 2601 2228 inducit,
2646 2164 2722 2214 ut

408 2255 775 2321 fallaciam.
815 2256 956 2340 ejus
1021 2268 1088 2319 et
1154 2256 1642 2319 simulationem
1710 2254 2023 2330 declaret3
2092 2254 2474 2316 mentientis
2542 2252 2719 2315 enim

424 2368 525 2419 est
585 2374 742 2419 vera
804 2356 1006 2440 animi
1073 2379 1264 2435 sensa
1319 2357 1512 2419 turba
1553 2356 1850 2418 inanium
1894 2355 2244 2419 verborum
2288 2366 2533 2440 tegere.
2618 2352 2721 2416 Ita

350 2542 360 2548 ·
426 2454 484 2519 si
521 2480 751 2523 versus
797 2457 947 2520 illos
991 2457 1444 2543 intelligimus,
1492 2479 1628 2519 non
1675 2469 1792 2533 est,
1841 2455 2017 2540 quod
2049 2477 2160 2518 eos
2195 2476 2343 2517 cum
2371 2452 2718 2516 Dindorfio

428 2577 546 2642 pro
592 2557 1005 2642 interpolatis
1036 2556 1415 2621 habeamus.
1484 2556 1622 2619 Iam
1652 2579 1810 2619 vero
1844 2577 2045 2641 quum
2077 2555 2282 2618 oratio
2317 2553 2717 2618 Cassandrae

428 2656 840 2721 vaticinantis
884 2658 1281 2744 imaginibus
1327 2658 1539 2742 iisque
1587 2680 1780 2742 saepe
1811 2656 2122 2720 obscuris
2170 2655 2476 2732 abundat,
2522 2677 2718 2718 nemo

349 2821 367 2829 ⁴
428 2780 563 2820 non
619 2757 838 2835 sentit,
897 2771 1211 2843 quantum
1273 2757 1400 2822 hoc
1443 2780 1764 2844 personae
1810 2756 2090 2819 furentis
2135 2756 2302 2819 vatis
2351 2755 2717 2819 conveniat.

423 2856 609 2921 Inter
654 2858 882 2921 omnes
928 2872 1188 2922 constat
1228 2860 1298 2921 in
1346 2858 1625 2922 oraculis
1671 2871 1969 2921 veterum
2017 2855 2414 2921 Graecorum
2461 2868 2721 2919 senten-

422 2958 582 3051 tiam
640 2955 774 3022 non
830 2959 1047 3046 palam
1112 2973 1179 3023 et
1222 2973 1465 3046 aperte,
1513 2960 1629 3022 sed
1674 2981 1793 3045 per
1838 2958 2143 3044 ambages
2190 2970 2257 3021 et
2302 2956 2718 3020 circuitiones

423 3059 752 3124 enuntiari
794 3061 1055 3123 solitam
1102 3083 1264 3124 esse.
1679 3132 1684 3136 ,

491 3216 497 3221 .
591 3159 686 3224 Ut
728 3160 859 3223 iam
906 3162 985 3224 ad
1031 3183 1155 3238 res,
1204 3162 1593 3247 quibuscum
1627 3148 2026 3246 comparatio
2056 3158 2155 3237 fit,
2183 3181 2286 3221 me
2321 3168 2718 3234 convertam,

419 3260 491 3324 in
537 3260 617 3323 iis
651 3261 1019 3347 deligendis
1052 3262 1249 3325 nullis
1282 3261 1420 3325 fere
1460 3261 1759 3349 terminis
1793 3260 2321 3346 circumscriptus
2356 3270 2455 3321 est
2491 3269 2720 3343 poeta3

420 3362 538 3424 vix
580 3362 717 3424 ulla
761 3373 861 3425 est
903 3385 1027 3439 res,
1072 3363 1248 3426 unde
1294 3362 1530 3451 imago·
1556 3362 1696 3447 peti
1740 3385 1872 3425 non
1918 3360 2146 3447 possit,
2175 3359 2391 3422 'modo
2438 3364 2587 3422 cum
2619 3381 2718 3435 re,

424 3461 504 3525 ad
570 3484 766 3546 quam
815 3461 1181 3541 adhibetur,
1236 3476 1450 3549 aptam
1506 3462 2008 3525 similitudinem
2062 3460 2417 3539 contineat.
2511 3458 2719 3537 Quam

425 3576 571 3648 apte
641 3574 709 3626 et
773 3562 1123 3627 decenter
1139 3564 1353 3627 e'tiam
1393 3587 1539 3627 cum
1585 3563 1791 3626 rebus
1824 3561 2210 3625 humillimis
2258 3573 2324 3624 et
2366 3560 2718 3623 levissimis

336 3680 343 3686 ·
427 3663 824 3749 comparatio
891 3663 1037 3727 fieri
1092 3658 1321 3750 possit,
1367 3664 1612 3727 multae
1660 3638 2053 3727 Homericae
2099 3661 2564 3727 similitudines
2612 3661 2720 3723 de-

427 3776 807 3828 monstrant.
894 3754 1225 3829 Homerus
1259 3789 1405 3829 non
1451 3764 1708 3828 dubitat
1751 3764 2040 3827 animum
2067 3762 2462 3825 indomitum
2494 3761 2719 3824 Mene-

428 3860 514 3925 lai
557 3864 984 3929 similitudine
1044 3855 1369 3929 illustrare
1415 3887 1698 3942 muscae,
1746 3888 1931 3950 quae,
1979 3885 2369 3949 quamquam
2416 3862 2717 3948 abigitur,

427 3985 685 4049 semper
724 3979 943 4053 tamen
991 3967 1292 4031 mordere
1329 3966 1530 4054 gestit
1558 3960 1641 4051 ¹);
1687 3965 2010 4050 Trojanos
2041 3988 2177 4028 non
2204 3963 2412 4050 magis
2443 3963 2719 4026 Aiacem

543 4177 584 4243 ¹)
623 4179 685 4230 n.
727 4181 805 4239 17,
845 4182 944 4231 570
978 4194 1121 4244 sequ.
