3134 4842
494 207 574 269 50

387 366 632 456 ἄνθεϊ,
682 373 857 459 quod
902 373 1294 437 vertendum
1342 388 1468 437 est:
1517 374 1628 458 (ei,
1677 374 1789 459 qui
1820 374 2090 438 caedem
2119 373 2331 458 fecit,)
2361 374 2431 437 in
2459 387 2680 460 poste-

387 497 529 537 rum
579 488 839 560 tempus
887 474 1267 559 (μιζιινοντι
1300 504 1381 529 =
1403 474 1724 565 χρονίῳ)
1770 475 1877 538 vel
1922 475 2321 561 permultum
2354 476 2676 539 malorum

386 575 745 661 impendet.
810 614 894 622 -
959 573 1079 638 Vis
1135 574 1547 640 abundantiae
1599 576 1774 639 inest
1831 576 2027 640 etiam
2082 575 2150 638 in
2206 576 2409 640 verbo
2456 570 2671 643 ἐπαν-

392 671 644 759 θίζειν,
713 676 888 761 quod
944 689 1047 739 ter
1102 676 1273 762 apud
1317 675 1724 761 Aeschylum
1769 676 2122 740 invenitur.
2209 678 2339 762 Ag.
2388 678 2579 741 1459:
2627 661 2671 764 ἧ

385 769 914 862 πολύμναστον
983 769 1365 863 ἐπηνθίσω
1441 766 1615 860 αι’,ἀ
1697 773 2026 844 ἄνιπτον.
2150 776 2446 863 Choeph.
2517 779 2669 843 150:

389 872 578 993 &ucis
649 871 728 943 δὲ
785 883 1145 953 κωκυτοῖς
1208 871 1626 953 «ἐπανθίζειν
1688 872 1943 964 νόμος,
1996 878 2277 944 παιᾶνα
2331 878 2470 944 τοῦ
2523 875 2670 944 θα-

387 973 648 1055 νόντος
718 972 1248 1065 ἐξαυδωμένας.
1362 977 1539 1065 Sept.
1609 980 1760 1042 951:
1841 973 1934 1044 ἰοὺ
1996 975 2303 1055 πολλοῖς
2364 972 2671 1045 ἐπανθί-

389 1100 643 1155 σαντες
691 1072 987 1145 πόνοισι
1030 1073 1308 1166 γενεάν.
1383 1079 1483 1142 De
1511 1079 1706 1165 hujus
1736 1079 1922 1143 verbi
1951 1078 2430 1167 significatione
2460 1080 2674 1144 varias

386 1182 821 1265 interpretum
862 1203 1003 1243 esse
1040 1179 1619 1274 discrepantesque
1658 1180 2017 1244 sententias
2054 1179 2271 1258 vide0,
2307 1180 2398 1244 ita
2428 1194 2669 1259 tamen,

387 1295 460 1345 ut
525 1304 721 1344 nemo
788 1304 937 1344 meo
996 1280 1251 1365 judicio
1317 1303 1544 1343 verum
1611 1281 1958 1345 invenerit.
2067 1280 2166 1344 Ita
2229 1282 2298 1343 in
2361 1282 2508 1345 loco
2554 1282 2669 1345 illo

387 1382 908 1469 Agamemnonis
954 1375 1336 1467 ἐπηνθίσω
1383 1371 1567 1467 αᾷια
1613 1382 1723 1444 alii
1773 1395 2040 1445 vertunt
2088 1381 2282 1468 flores
2350 1386 2671 1467 sanquinis

387 1496 702 1568 tamquam
761 1493 1045 1546 ornatum
1105 1483 1216 1546 tibi
1276 1483 1553 1557 induisti,
1622 1483 1733 1546 alii
1797 1486 2159 1568 sanquinem
2211 1484 2512 1568 carpsisti,
2560 1483 2672 1546 alii

373 1586 603 1671 fecisti,
679 1594 745 1646 ut
823 1583 1143 1669 piaculum
1219 1584 1421 1647 caedis
1497 1594 1813 1668 tamquam
1882 1584 2248 1669 floresceret.
2375 1581 2667 1670 Choeph.

390 1687 511 1747 150
576 1684 874 1770 plerique
943 1684 1224 1750 παιᾶνα
1282 1683 1362 1747 ad
1422 1683 1880 1749 antecedentia
1923 1683 2288 1747 referentes
2335 1683 2429 1747 sic
2471 1684 2672 1748 inter-

387 1798 753 1872 pretantur:
801 1786 1091 1869 hymnum
1133 1784 1659 1849 lamentationibus
1701 1796 2014 1870 tamquam
2053 1788 2229 1849 sertis
2255 1783 2473 1871 floreis
2502 1786 2672 1849 redi-

389 1890 561 1963 mire,
605 1908 920 1951 exornare.
1006 1885 1206 1949 Dind.
1255 1899 1321 1949 et
1364 1885 1590 1949 Herm.
1639 1898 1960 1949 commate
2005 1898 2157 1971 post
2200 1878 2433 1970 νόμος
2473 1885 2676 1949 inter-

388 2001 722 2073 pungunt3
770 1986 886 2050 sed
932 1986 1088 2071 quid
1136 1986 1220 2050 sit
1263 1980 2087 2078 ἐπανθιζεινρειοοιιεατὶνο
2125 1986 2385 2069 objecto
2424 2008 2671 2063 carens,
2777 2059 2790 2072 ,

389 2111 522 2150 non
582 2087 917 2174 explicant
960 2108 1175 2170 neque
1223 2110 1344 2173 ego
1391 2087 1762 2172 intelligere
1808 2110 2097 2172 possum.
2186 2086 2363 2149 Weil
2410 2100 2477 2150 et
2521 2086 2676 2171 quia

387 2182 806 2263 ἐπανθίζειν
863 2188 1193 2271 objectum
1239 2187 1570 2251 desideret
1615 2201 1681 2251 et
1725 2188 1809 2251 ob
1854 2187 2176 2250 rationem
2221 2186 2674 2251 antitheticam

389 2289 688 2353 lacunam
734 2301 885 2374 post
927 2281 1158 2371 νόμος
1195 2287 1437 2366 statuit,
1475 2311 1667 2372 quam
1701 2287 1827 2352 hoc
1864 2287 2004 2350 fere
2041 2288 2236 2351 modo
2276 2288 2672 2373 explendam

392 2413 533 2453 esse
579 2403 795 2475 putat:
845 2385 974 2465 τὰς
1017 2386 1418 2480 νερτέροισι
1465 2382 1686 2454 τάσδε
1729 2381 2110 2476 γαπότους
2153 2381 2414 2464 δόσεις.
2491 2388 2675 2474 Sept.

391 2491 509 2554 951
577 2491 778 2577 vulgo
847 2489 1227 2575 exponitur:
1290 2493 1426 2567 *vo-3,
1494 2492 1604 2575 qui
1666 2491 1918 2554 domum
1981 2489 2425 2553 calamitatibus
2493 2491 2673 2574 quasi

389 2594 738 2656 coronastis.
826 2590 962 2654 Has
1021 2588 1160 2653 fere
1230 2590 1706 2676 explicationes
1760 2590 2024 2654 illorum
2069 2590 2363 2653 locorum
2411 2589 2489 2652 ab
2538 2589 2676 2653 edi·

388 2692 640 2757 toribus
687 2691 967 2778 prolatas
1016 2713 1157 2755 esse
1203 2691 1493 2768 invenio,
1542 2714 1814 2776 quarum
1862 2704 2079 2755 tamen
2124 2691 2305 2753 nulla
2350 2703 2468 2767 est,
2505 2712 2669 2774 quae

390 2792 815 2857 difficultates
875 2815 1011 2855 non
1056 2790 1310 2876 habeat.
1399 2791 1564 2855 Mihi
1608 2792 2001 2877 persuadere
2048 2814 2181 2854 non
2227 2814 2495 2877 possum
2542 2792 2677 2890 ᾼθ·

391 2893 689 2978 schylum
748 2892 996 2957 dixisse
1049 2892 1473 2978 »sanguinem
1516 2906 1848 2977 tamquam
1893 2892 2123 2955 florem
2169 2892 2294 2956 sibi
2338 2891 2672 2969 induere»,

390 2993 1003 3058 »lamentationibus
1070 2992 1388 3076 hymnum
1454 2992 1819 3071 redimire»,
1885 2993 2189 3058 »domum
2246 2992 2432 3056 malis
2492 3015 2676 3055 coro·

390 3118 601 3172 nare»,
675 3094 908 3181 quibus
973 3092 1370 3179 imaginibus
1435 3092 1603 3156 nihil
1660 3093 1968 3180 ineptius,
2023 3092 2189 3157 nihil
2231 3092 2672 3178 inelegantius

392 3196 665 3281 cogitari
710 3217 903 3282 posse
950 3193 1111 3257 mihi
1157 3193 1435 3257 videtur.
1522 3194 1756 3280 Neque
1798 3194 1961 3257 mihi
1993 3194 2197 3281 magis
2229 3194 2449 3278 placet
2474 3193 2672 3256 illud:

390 3296 665 3373 ))facere,
732 3310 806 3359 ut
872 3296 1200 3381 piaculum
1272 3293 1488 3358 caedis
1556 3294 1924 3372 florescat»;
1986 3295 2161 3380 quod
2208 3307 2274 3358 et
2315 3293 2671 3380 imaginem

391 3420 617 3483 parum
685 3410 899 3482 aptam
967 3395 1239 3459 exhibet
1303 3408 1369 3458 et
1436 3419 1471 3458 a
1534 3396 1799 3482 propria
1860 3396 1928 3459 vi
1991 3396 2176 3460 verbi
2232 3389 2671 3476 ἐπανθίζειν,

392 3521 556 3582 quac
628 3510 726 3560 est
773 3497 967 3584 flores
1030 3500 1098 3561 in
1157 3496 1367 3580 aliqua
1408 3519 1474 3560 re
1509 3519 1756 3581 ponere,
1798 3496 2068 3582 floribus
2112 3518 2427 3570 exomzare,
2474 3493 2672 3558 nimis

390 3599 587 3685 longe
655 3598 923 3662 recedit.
1010 3596 1366 3682 »Carpsisti
1433 3597 1877 3682 sanguinem»,
1940 3612 2015 3663 ut
2067 3596 2243 3660 Weil
2288 3590 2669 3682 ἐπηνθίσω

391 3701 575 3785 αἱμα
650 3699 864 3777 vertit,
932 3722 1011 3762 eo
1080 3696 1448 3763 confirmari
1512 3697 1793 3776 videtur,
1851 3700 2025 3784 quod
2082 3698 2276 3761 etiam
2325 3696 2502 3783 Sept.
2550 3698 2672 3760 718

391 3800 569 3883 (vide
614 3824 677 3886 p.
723 3800 833 3885 49)
865 3812 932 3863 et
961 3798 1166 3863 alibi
1147 3821 1224 3875 18,
1258 3798 1370 3883 qui
1402 3798 1669 3862 caedem
1703 3799 2073 3875 committit,
2098 3797 2441 3883 sanguinis
2473 3796 2672 3861 flores

393 3924 657 3987 carpere
720 3900 977 3964 dicitur.
1090 3899 1218 3964 Sed
1282 3897 1444 3963 haec
1511 3899 1823 3985 carpendi
1884 3900 2123 3986 imag0‚
2179 3898 2336 3961 licet
2379 3897 2478 3960 illi
2521 3898 2669 3961 loco

394 4002 763 4079 conveniat,
810 4021 846 4064 a
890 4001 1145 4078 ceteris,
1191 3999 1262 4062 in
1308 3999 1543 4085 quibus
1590 3994 2007 4077 ἐπανθίζειν
2048 3999 2359 4063 translate
2406 4021 2671 4084 usurpa-

390 4117 514 4179 tur,
562 4126 754 4188 quam
801 4103 1084 4165 maxime
1133 4099 1344 4164 aliena
1390 4115 1518 4177 est3
1584 4124 1712 4184 quo
1771 4100 2041 4177 accedit,
2088 4099 2261 4185 quod
2306 4098 2469 4162 haec
2515 4121 2672 4183 quo·

393 4226 517 4287 que
584 4203 684 4267 vis
753 4227 790 4267 a
853 4203 1115 4290 propria
1178 4215 1311 4265 tam
1368 4201 1564 4286 longe
1612 4202 1813 4280 abest,
1861 4216 1951 4280 ut,
1998 4201 2332 4286 quomodo
2380 4213 2521 4262 orta
2564 4198 2668 4274 sit,
