3134 4842
2600 182 2678 245 67

465 359 869 413 taemnestra
913 359 979 410 et
1020 345 1383 432 Aegisthus
1429 345 1750 412 dracones
1794 345 2209 431 appellantur
2239 345 2534 433 Choeph.
2568 349 2730 411 1047
2750 373 2789 410 :-

470 447 680 516 δυοῖν
731 441 1174 537 δρακόντοιν
1226 439 1551 522 εὐπετῶς
1603 439 1850 531 τεμων
1899 440 2120 533 κάρα.

639 548 1146 635 Comparatione
1223 560 1627 632 serpentum,
1705 571 1741 610 a
1808 547 2044 631 quibus
2111 547 2416 611 homines
2483 550 2765 613 naturali

466 652 757 737 quodam
825 650 978 714 odio
1036 648 1384 712 abhorrere
1442 660 1717 723 constat,
1766 647 2035 711 omnino
2080 648 2149 725 ii,
2198 648 2310 733 qui
2354 649 2568 713 odiosi
2611 664 2768 713 sunt

467 766 541 816 et
583 751 925 815 horrorem
970 750 1300 834 injiciunt,
1345 749 1778 812 illustrantur.
1865 748 1968 812 Ita
2012 744 2366 836 δρακαίνη
2413 750 2762 815 collective

463 854 551 916 de
596 852 816 916 Furiis
864 852 1104 915 dieitur
1144 850 1338 913 Eum.
1388 850 1539 913 128:
1589 843 1816 925 ὕπνος
1857 843 2088 925 πόνος
2133 869 2210 915 τε
2250 843 2493 939 κύριοι
2527 869 2765 917 συνω-

458 947 695 1037 μόται
750 951 984 1039 δεινῆς
1028 947 1419 1040 δρακαίνης
1460 943 1900 1041 ἐξεκήραναν
1935 949 2180 1036 μένος.
2235 989 2321 999 -
2366 951 2592 1038 Suppl.
2640 952 2758 1015 511
2817 948 2824 965 '

462 1055 552 1118 ad
581 1054 843 1140 Pelasgi
877 1053 1078 1117 verba
1117 1048 1329 1117 οὗτοι
1371 1052 1783 1141 πτερωτῶν
1823 1045 2196 1142 ἁρπαγαῖς
2235 1044 2318 1118 σ’
2345 1045 2766 1138 ἐκδώσομεν

466 1155 759 1254 virgines
825 1154 1260 1239 respondent:
1324 1144 1602 1217 ἄλλέἰ
1650 1145 2083 1241 δρακόντων
2135 1147 2590 1247 δυσφρόνων
2650 1147 2764 1240 έχ-

473 1252 748 1339 θίοσιν,
821 1255 996 1318 filios
1064 1253 1360 1340 Aegypti
1425 1252 1681 1316 scilicet
1739 1252 2181 1339 designantes
2233 1292 2320 1301 —
2365 1254 2590 1341 Suppl.
2639 1256 2761 1319 895

462 1357 740 1420 eaedem
805 1360 1225 1442 praeconem,
1292 1353 1405 1439 qui
1472 1354 1553 1417 ad
1622 1377 1728 1417 eas
1785 1354 2231 1439 corripiendas
2290 1355 2564 1433 accedit,
2612 1379 2760 1420 cum

462 1470 795 1543 serpente,
862 1457 976 1542 qui
1041 1455 1198 1542 pedi
1280 1477 1571 1518 morsum
1644 1453 1968 1531 infixerit,
2037 1468 2451 1541 comparant:
2512 1459 2764 1543 μαιμᾷ

466 1556 693 1634 πέλας
744 1553 1002 1633 δίπους
1054 1554 1254 1649 ὄφις,
1309 1550 1554 1641 ἔχιδνα
1608 1550 1655 1620 δ
1667 1546 1688 1572 ³
1719 1549 1823 1631 ὥς
1859 1554 1964 1640 μέ
2002 1576 2105 1631 τις
2146 1548 2334 1622 πόδ’
2362 1550 2760 1623 ένδακοῦσ’

468 1658 634 1743 ἔχει.
702 1698 787 1706 -
850 1658 1048 1720 Haud
1115 1656 1402 1720 alienum
1471 1656 1556 1720 sit
1614 1680 1989 1742 comparare
2048 1656 2244 1719 etiam
2292 1656 2587 1743 Choeph.
2636 1658 2757 1721 526

463 1782 672 1845 sequ„
739 1759 855 1822 ubi
921 1757 1442 1842 Clytaemnestra
1505 1756 1576 1819 in
1643 1757 1889 1820 somnis
1958 1780 2241 1844 anguem
2300 1781 2526 1843 parere
2584 1771 2651 1821 et
2695 1760 2756 1822 ei

468 1883 818 1922 mammam
874 1860 1185 1944 praebere
1233 1858 1358 1921 sibi
1401 1857 1542 1920 visa
1588 1880 1730 1921 esse
1779 1871 2106 1934 narratum
2168 1858 2348 1943 quod
2403 1859 2756 1944 designans

460 1961 696 2024 eadem
748 1984 822 2044 ιν.
891 1961 1032 2037 928,
1101 1982 1301 2044 quum
1354 1957 1655 2022 Orestem
1701 1982 1769 2023 se
1817 1959 2186 2023 occisurum
2231 1981 2374 2022 esse
2419 1960 2755 2046 intelligit,

461 2075 812 2147 perspecta
839 2061 968 2124 iam
1001 2059 1488 2147 significatione
1522 2059 1765 2123 somnii
1790 2060 2142 2123 exclamat:
2176 2051 2408 2148 οὶ“’γᾱ>
2445 2063 2758 2127 τεκοῦσα

465 2154 683 2228 τόνδ’
712 2157 896 2256 ὄφιν
946 2155 1424 2250 ἕθρεψοὶμηνς
1480 2159 1717 2244 quibus
1774 2160 1843 2223 in
1899 2160 2118 2224 verbis
2175 2162 2597 2246 proverbium
2643 2162 2757 2226 ali·

458 2264 640 2348 quod
706 2276 933 2326 nostro
1000 2262 1101 2325 illi
1164 2273 1358 2326 »nara
1424 2283 1509 2323 en
1567 2283 1707 2323 orm
1754 2261 1869 2324 vid
1913 2261 2015 2324 sin
2062 2285 2231 2349 egen
2274 2263 2495 2327 barm»
2541 2263 2753 2327 simile

456 2364 664 2427 latere
710 2363 989 2427 videtur.

630 2464 827 2528 Haud
879 2463 1161 2527 multum
1206 2460 1560 2525 dissimiles
1608 2474 1761 2525 sunt
1803 2462 2109 2526 nonnulli
2152 2463 2264 2525 alii
2306 2463 2460 2540 loci,
2503 2464 2575 2526 in
2615 2464 2754 2549 qui-

460 2564 584 2628 bus
651 2588 798 2629 cum
871 2577 1177 2650 serpente
1245 2562 1649 2646 comparatio
1715 2561 1809 2626 fit.
1901 2563 2079 2649 Sept.
2133 2564 2285 2627 380:
2353 2557 2626 2639 Τυδεὺς
2678 2560 2757 2631 δὲ

453 2666 780 2755 μαργῶν
820 2660 942 2730 καὶ
980 2658 1223 2752 μάχης
1262 2659 1700 2747 λελιμμένος
1724 2660 2275 2750 ’μεσημβριναῖς
2314 2663 2755 2753 κλαγγαῖσιν

460 2760 568 2841 οὖς
619 2759 916 2856 δράκων
965 2764 1141 2850 βοᾷ.
1254 2763 1519 2827 Clamor
1586 2763 1801 2849 Tydei
1856 2763 2136 2828 furentis
2193 2778 2261 2828 et
2303 2788 2596 2852 pugnare
2642 2790 2753 2853 ge-

458 2866 720 2931 stientis
767 2891 913 2931 cum
963 2867 1178 2943 sibilo,
1225 2887 1422 2949 quem
1465 2865 1535 2928 in
1583 2864 1946 2928 meridiano
1994 2865 2206 2929 calore
2254 2866 2485 2952 anguis
2526 2865 2749 2944 mittit,

455 2967 832 3045 confertur-3
899 2980 1132 3031 notum
1188 2978 1289 3029 est
1343 2988 1612 3050 angues,
1660 2988 1788 3050 quo
1835 2967 2045 3049 major
2089 2966 2174 3030 sit
2217 2966 2415 3043 calor,
2461 2989 2540 3030 eo
2588 2968 2751 3030 vivi-

458 3068 678 3132 diores
746 3082 813 3132 et
878 3069 1206 3133 saeviores
1274 3089 1439 3129 esse.
1522 3065 1857 3129 Ceterum
1922 3066 2039 3129 vix
2106 3090 2269 3152 opus
2325 3080 2427 3150 est
2479 3091 2746 3132 monere

454 3168 815 3232 clamorem
881 3169 1193 3233 bellicum
1252 3166 1468 3252 Tydei
1513 3189 1660 3229 cum
1709 3166 1905 3230 sibilo
1954 3168 2183 3253 anguis
2230 3191 2366 3231 non
2416 3169 2500 3232 ob
2545 3169 2747 3233 ullam

454 3269 960 3333 similitudinem
1024 3269 1231 3356 ipsius
1291 3267 1438 3331 soni
1492 3267 1878 3354 comparari,
1924 3268 2042 3331 sed
2088 3269 2239 3353 quia
2281 3282 2565 3354 utroque
2613 3294 2747 3334 sae-

454 3369 616 3434 vitia
660 3384 854 3455 atque
897 3371 994 3434 ira
1037 3370 1424 3456 produntur.
1468 3406 1553 3415 -—
1598 3366 1822 3431 Oculis
1868 3368 2111 3432 Xerxis
2158 3368 2466 3433 Graeciae
2499 3370 2746 3433 bellum
2849 3373 2853 3378 ’

450 3469 804 3535 inferentis
871 3484 1125 3535 trucem
1179 3470 1436 3534 vultum
1499 3468 1803 3532 draconis
1861 3492 2051 3532 senes
2099 3470 2334 3532 Persae
2382 3470 2748 3535 attribuunt
2839 3533 2848 3544 ,

455 3570 634 3634 Pers.
704 3573 812 3635 81:
877 3572 1201 3637 κυανοῦν
1274 3562 1647 3655 δ’ὄμμασι
1720 3563 2059 3635 λεύσσων
2124 3569 2400 3664 φονίου
2462 3566 2747 3661 δέργμα

455 3666 884 3759 δράκοντος,
960 3696 1124 3759 quae
1189 3672 1407 3758 verba,
1476 3693 1677 3755 quum
1744 3694 1780 3732 a
1834 3670 2052 3734 Persis
2098 3670 2628 3757 pronuntientur,
2675 3672 2743 3735 in

455 3771 698 3835 bonam
751 3787 1005 3860 partem
1063 3771 1271 3858 accipi
1327 3784 1610 3857 oportet,
1656 3783 1729 3834 ut
1771 3771 2060 3857 imagine
2107 3770 2408 3835 draconis
2452 3771 2562 3835 hic
2605 3796 2742 3835 non

452 3873 827 3952 crudelitas,
873 3890 946 3939 ut
988 3874 1211 3961 vulgO,
1258 3872 1373 3935 sed
1417 3870 1738 3934 fortitudo
1789 3884 1856 3935 et
1897 3871 2175 3935 bellicus
2224 3872 2417 3935 ardor
2460 3872 2743 3935 illustre·

450 3984 579 4035 tur.
666 3973 1061 4040 Terribilem
1124 3973 1380 4037 vultum
1448 3972 1749 4034 draconis
1814 3985 2072 4036 veteres
2132 3973 2484 4058 scriptores
2543 3995 2740 4059 saepe

450 4091 1004 4153 commemorant3
1035 4078 1127 4140 ita
1152 4076 1280 4138 iam
1307 4073 1504 4136 Hom.
1530 4071 1607 4134 Il.
1640 4074 1738 4148 22,
1765 4073 1872 4135 95:
1906 4067 2261 4163 (δράκων)
2287 4067 2743 4163 σμερδαλέον

450 4167 534 4239 δὲ
584 4168 926 4266 δέδορκεν
978 4169 1449 4256 ἑλισσόμενος
1490 4167 1656 4263 περὶ
1697 4174 1888 4265 χειῇ.
1979 4173 2329 4277 Quaedam⁸
2358 4187 2739 4261 serpentum
