3134 4842
1717 133 1725 142 α

1625 185 1631 192 ι
1654 181 1658 186 ·
1683 191 1689 197 ,
1740 187 1745 193 ι
2315 165 2322 170 θ

519 200 601 263 32
1629 201 1670 236 ,δ’
2341 215 2394 246 ⁴·-

1623 251 1634 260 f
2346 246 2378 260 n

1719 309 1729 317 ι

424 367 700 430 nubem.
790 364 1170 451 Comparari
1237 364 1436 429 etiam
1508 354 1730 452 potest
1794 365 1993 429 Hom.
2059 365 2137 429 Il.
2209 368 2308 445 17,
2376 368 2557 431 5912.
2603 391 2732 436 τον

427 458 742 553 δ’ἄχεος
779 463 1053 559 νεφέλη
1084 458 1410 554 ἐκάλυψε
1430 464 1769 551 μέλαινα.
1799 504 1886 515 --
1912 466 2200 552 Lapides
2235 468 2313 531 ab
2347 490 2730 555 oppugnan-

423 566 609 632 tibus
653 567 724 631 in
768 568 1001 631 urbem
1034 566 1215 650 jacti,
1262 566 1415 651 quia
1455 566 1668 631 crebri
1701 567 1961 645 cadunt,
1993 590 2140 631 cum
2173 567 2436 632 nivibus
2467 593 2729 657 compa-

392 682 678 733 ·1antur.
790 668 970 754 Sept.
1049 668 1200 731 212:
1270 660 1398 733 ὅτε
1470 661 1793 761 νιφάδος
1845 660 1980 734 ἀπ’
2037 661 2273 745 ὀλοᾶς
2322 669 2730 764 νιφομένας

430 762 727 860 βρόμος
777 762 855 834 ἐν
903 760 1190 843 πύλαις.
1277 767 1567 833 Imitatio
1615 768 1896 832 Homeri
1938 767 2048 832 hic
2092 782 2317 856 aperta
2360 783 2478 834 est.
2553 771 2724 836 Vide

421 869 827 947 11.12,156:
874 862 1330 960 (χερμαδιοι)
1370 863 1685 985 νιφάδες
1726 862 1808 935 δ’
1815 890 1917 945 ως
1949 874 2223 937 πῖπτον
2256 869 2485 960 ἔραζε.
2557 873 2725 937 Ibid.
2779 919 2786 934 .
2879 874 2893 882 ’

423 971 592 1035 278:
637 962 901 1053 τωνδζ
957 963 1150 1035 ὥστε
1201 962 1509 1064 νιφάδες
1550 964 1812 1056 χιόνος
1860 970 2182 1037 πίπτωσι
2240 968 2564 1059 θαμειαί
2604 1012 2726 1056 —‚

426 1066 538 1148 ὥς
590 1090 745 1137 των
787 1062 1291 1164 ἀμφοτέρωσε
1331 1067 1546 1137 λίθοι
1591 1072 1941 1138 ποτῶντο
1991 1067 2325 1157 θαμειαί.
2411 1073 2527 1137 Cfr
2568 1074 2725 1139 Eur.

422 1171 642 1236 Andr.
692 1173 885 1236 1129.
916 1173 1169 1265 πυκνῆ
1221 1166 1300 1237 δὲ
1350 1166 1619 1266 νιφάδι
1656 1166 2053 1238 πάντοθεν
2090 1167 2625 1259 σποδούμενος.

600 1274 734 1357 §4.
821 1272 1069 1337 Truces
1139 1265 1315 1337 oculi
1383 1272 1694 1360 Typhoei
1745 1272 2095 1360 fulminare
2152 1272 2463 1338 dicuntur
2505 1276 2724 1339 Prom.

423 1373 588 1437 356:
636 1367 712 1452 ἐξ
754 1366 1125 1459 ὀμμάτων
1163 1366 1246 1441 δ”
1250 1363 1624 1464 ἤστραπτε
1654 1366 2066 1464 γοργωπὸν
2103 1371 2336 1449 σε’λας.
2404 1374 2555 1438 Hoc
2585 1391 2734 1439 ve1·-·
2846 1381 2849 1383 ’

423 1474 587 1538 bum
655 1474 850 1539 etiam
917 1475 987 1538 in
1056 1475 1270 1540 soluta
1334 1475 1631 1538 oratione
1700 1476 1779 1539 de
1848 1474 2199 1562 splendore
2259 1473 2599 1538 oculorum
2659 1488 2726 1538 et

426 1575 845 1639 metallorum
912 1575 1518 1661 frequentissimum
1588 1588 1707 1639 est.
1773 1614 1860 1625 -—
1923 1567 2267 1667 ἀστραπή
2321 1574 2402 1638 de
2459 1574 2722 1660 fulgore

419 1674 648 1739 :facum
693 1676 967 1762 ponitur
1007 1677 1115 1741 Fr.
1148 1678 1301 1741 383:
1346 1672 1805 1765 λαμπραῖσιν
1831 1669 2281 1764 άστραπαϊσι
2307 1669 2725 1760 λαμπάδων

432 1774 704 1842 σθένει.
748 1816 834 1825 -
875 1776 976 1840 De
1024 1776 1436 1841 fulminando
1481 1777 1702 1864 imago
1750 1791 2011 1863 sumpta
2057 1800 2200 1842 esse
2230 1776 2497 1840 videtur
2528 1776 2724 1840 etiam

423 1876 658 1964 Suppl.
706 1879 815 1941 86:
883 1870 1066 1954 Διὸς
1126 1876 1379 1966 ἵμερος
1431 1870 1570 1943 οὐκ
1623 1870 2047 1969 εὐθήρατος
2096 1870 2400 1964 ἐτύχθη.
2482 1877 2729 1942 παντᾶ

430 1997 546 2043 τοι
612 1974 976 2073 φλεγέθει
1039 1970 1178 2043 κάν
1244 1972 1486 2065 σκότῳ
1533 1977 1852 2064 μελαίνᾳ
1905 1971 2034 2057 ξὺν
2086 1971 2272 2064 τύχᾳ
2316 1969 2727 2067 μερόπεσσι

425 2075 658 2154 λαοῖς.
747 2078 897 2142 Hoc
941 2078 1272 2142 Danaides
1320 2079 1537 2143 dicere
1584 2079 1846 2143 volunt:
1894 2079 1949 2142 si
1992 2078 2261 2165 Jupiter
2297 2078 2391 2142 ita
2417 2077 2724 2156 voluerit,

420 2177 600 2242 filios
661 2180 957 2265 Aegypti
1023 2202 1092 2243 se
1140 2203 1273 2242 non
1337 2179 1961 2266 comprehensuros;
2032 2179 2224 2243 Jovis
2272 2179 2449 2243 enim
2493 2178 2725 2242 volun-

418 2291 630 2343 tatem
696 2302 831 2342 non
897 2279 1090 2343 facile
1156 2280 1337 2344 vinci
1389 2303 1615 2366 posse;
1672 2280 1930 2344 etiamsi
1975 2279 2057 2343 ad
2098 2294 2360 2366 tempus
2404 2279 2724 2365 impedita

416 2379 745 2458 videatur,
793 2402 936 2443 eam
979 2392 1200 2444 tamen
1240 2381 1457 2445 subito
1490 2381 1853 2467 potentiam
1883 2404 2066 2444 suam
2097 2381 2466 2445 ostendere.
2540 2379 2723 2442 Haec

416 2480 868 2567 pulcherrima
922 2481 1209 2568 imagine
1278 2481 1739 2568 exprimuntur
1789 2481 2108 2559 fulminis,
2144 2463 2339 2566 quod
2390 2480 2607 2544 subito
2652 2479 2725 2543 in

419 2581 582 2645 atris
628 2582 914 2646 nubibus
959 2583 1329 2647 interlucet.
1420 2582 1528 2647 Sic
1563 2584 1766 2647 verba
1792 2583 1906 2646 illa
1929 2582 2318 2697 ‘accipienda
2351 2603 2493 2644 esse
2528 2581 2723 2644 etiam

424 2682 515 2746 ob
579 2706 724 2746 eam
791 2707 1050 2747 causam
1119 2683 1433 2748 credibile
1503 2696 1621 2761 est,
1691 2683 1869 2797 quod
1923 2683 1994 2746 in
2042 2681 2449 2768 antistropha
2492 2680 2721 2744 eadem

420 2783 776 2861 sententia,
853 2796 928 2847 ut
1001 2807 1196 2870 saepe
1276 2784 1370 2861 fit,
1449 2783 1578 2847 alia
1653 2784 1941 2869 imagine
2022 2783 2368 2870 repetitur.
2480 2781 2751 2848 πῖπτεν

429 2877 510 2949 δ’
516 2876 852 2978 ἀσφαλὲς
936 2876 1115 2950 οὐδ’
1195 2879 1310 2951 επὶ
1389 2904 1637 2970 νωτῳ,
1709 2885 2016 2979 κορυφᾷ
2077 2879 2263 2959 Διὸς
2313 2882 2379 2949 εἰ
2422 2879 2724 2974 κρανθῇ

419 3006 740 3073 πραγμα
815 2983 1115 3051 τέλειον.
1225 2984 1573 3049 Probabile
1644 2998 1744 3049 est
1800 2983 2120 3071 μελαίνᾳ
2193 2979 2320 3063 ξὺν
2386 2977 2572 3070 τύχᾳ
2628 2982 2721 3047 ita

420 3087 649 3151 addita
695 3110 858 3164 esse,
904 3099 979 3150 ut
1024 3085 1333 3149 effectum
1391 3085 1580 3149 verbi
1624 3086 1978 3163 declarent,
2023 3085 2146 3149 hac
2176 3084 2315 3148 fere
2363 3082 2690 3148 sententia

429 3200 495 3251 ut.
564 3190 710 3251 inde
770 3187 1084 3252 calamitas
1154 3186 1512 3250 mortalibus
1576 3190 1831 3263 oriatur,
1900 3187 2069 3250 sicut
2143 3185 2398 3249 fulmen
2461 3184 2723 3249 vastita-

420 3300 562 3353 tem
618 3288 884 3353 efficere
943 3287 1130 3352 solet.
1225 3287 1445 3351 Aliter
1497 3286 1859 3365 Hermann,
1905 3287 2018 3373 qui
2055 3285 2374 3372 μελαίνᾳ
2417 3306 2495 3352 τε
2539 3279 2725 3372 τύχᾳ

382 3388 659 3454 >scribit
724 3401 791 3452 et
854 3389 1084 3453 vertit:
1151 3388 1398 3473 ubique
1464 3387 1659 3452 Jovis
1717 3389 2024 3452 voluntas
2072 3388 2271 3453 etiam
2314 3387 2384 3450 in
2429 3385 2721 3450 tenebris

421 3503 695 3575 atraque
742 3502 918 3553 sorte
965 3488 1496 3553 conflictantibus
1540 3488 1739 3552 lucet.

598 3593 626 3674 ξ
672 3591 729 3654 5.
820 3590 1279 3654 Translatione
1327 3613 1364 3652 a
1406 3603 1671 3653 nostrae
1716 3589 1982 3677 linguae
2027 3589 2252 3653 indole
2279 3587 2493 3650 aliena
2523 3585 2723 3649 catuli

420 3691 639 3756 leonis
708 3685 972 3783 δρόσοι
1034 3703 1354 3754 vocantur
1419 3692 1547 3775 Ag.
1618 3692 1771 3767 141;
1837 3691 2020 3755 velut
2072 3690 2269 3752 Hom.
2327 3686 2447 3749 Od.
2495 3687 2552 3763 9,
2598 3687 2722 3750 222

420 3790 634 3884 ἕρσαι
680 3792 761 3855 de
807 3792 991 3878 agnis
1039 3804 1106 3855 et
1147 3791 1467 3855 Aelianus
1514 3790 1666 3855 Var.
1707 3791 1879 3856 Hist.
1913 3796 1969 3868 7,
2002 3792 2081 3853 47
2115 3790 2194 3852 de
2225 3786 2438 3852 bestia
2468 3810 2503 3850 a
2532 3800 2723 3874 partu

424 3893 682 3957 recenti
757 3887 1122 3983 ψάκαλον,
1201 3892 1378 3978 quod
1445 3915 1480 3955 a
1541 3886 1788 3981 ψακάς
1850 3891 2214 3955 derivatum
2282 3901 2399 3952 est.
2511 3887 2724 3952 Causa

423 3993 624 4079 hujus
689 3993 1134 4058 translationis
1202 4016 1239 4056 a
1292 3993 1566 4057 notione
1612 3996 1818 4069 teneri,
1864 3995 2131 4068 recentis,
2180 4012 2343 4075 quae
2389 3989 2554 4054 roris
2602 4000 2719 4063 est,

422 4094 790 4181 repetenda
847 4118 989 4158 esse
1052 4093 1334 4157 videtur.
1378 4132 1464 4141 —
1505 4092 1724 4157 Aliter
1766 4091 2103 4157 translatio
2152 4090 2233 4155 de
2279 4114 2427 4155 rore
2473 4089 2549 4154 fit
2592 4091 2719 4172 Ag.

427 4196 625 4259 1390:
