3134 4842
525 171 605 232 14

440 335 613 414 Quin
660 336 858 400 etiam
904 359 1012 400 eas
1056 359 1276 414 voces,
1325 359 1490 421 quae
1535 336 1822 399 maxime
1868 359 1905 400 a
1948 336 2378 422 perceptione
2416 360 2729 402 sensuum

437 438 774 514 recedunt,
831 450 906 500 ut
967 437 1167 500 verba
1232 437 1659 513 substantiva,
1725 437 2137 522 negationes,
2201 437 2731 522 conjunctiones,

435 538 628 611 initio
669 538 935 622 aliquid,
983 538 1160 622 quod
1204 551 1537 622 tamquam
1582 550 1762 601 tactu
1792 552 1861 601 et
1887 538 2036 601 visu
2066 537 2491 602 manifestum
2535 553 2730 617 esset,

439 637 842 724 significasse
874 628 967 701 ⁸ea
999 638 1317 715 doctrina,
1351 661 1514 723 quae
1546 638 1616 701 in
1645 638 1893 724 linguis
1926 639 2382 724 comparandis
2413 654 2731 718 versatur,

438 739 591 802 satis
639 739 1133 802 demonstravit.
1222 738 1438 816 Quum
1503 738 1576 801 in
1619 738 1740 802 hac
1787 739 2233 825 disputatione
2281 739 2445 803 mihi
2488 764 2728 827 propo-

437 839 698 916 suerim,
743 852 818 902 ut
854 839 1180 924 ‘imagines
1225 852 1710 924 pertractarem,
1759 863 2030 924 quarum
2061 840 2403 926 proprium
2435 855 2535 905 est
2568 841 2729 905 duas

435 963 537 1003 res
599 940 772 1003 inter
838 962 905 1004 se
975 963 1372 1025 comparare,
1427 938 1851 1004 manifestum
1909 953 2009 1004 est
2051 942 2264 1005 nullas
2309 941 2729 1027 metaphoras

434 1040 542 1104 hic
586 1040 656 1104 in
703 1040 1252 1126 disceptationem
1298 1041 1550 1119 cadere,
1600 1064 1763 1126 quae
1796 1065 1979 1104 suam
2010 1042 2343 1127 propriam
2365 1042 2502 1106 vim
2530 1042 2726 1128 plane

437 1141 763 1204 exuerint.
849 1141 1202 1204 Neminem
1249 1154 1469 1205 autem
1516 1141 1832 1227 praeterit
1872 1142 1943 1205 in
1989 1165 2292 1206 sermone
2339 1143 2419 1206 ab
2465 1166 2589 1207 usu
2632 1143 2730 1207 in-

434 1241 739 1305 termisso
787 1264 984 1328 saepe
1031 1241 1502 1306 difficillimum
1550 1265 1695 1306 esse
1743 1242 2126 1326 dijudicatu,
2172 1256 2393 1307 utrum
2422 1244 2494 1307 in
2523 1258 2727 1308 trans-

432 1342 567 1406 lato
614 1342 897 1427 quodam
942 1343 1267 1407 vocabulo
1300 1342 1551 1428 aliquid
1578 1343 1881 1429 propriae
1915 1343 2417 1428 significationis
2441 1344 2731 1409 resideat

437 1466 518 1507 an
564 1443 778 1507 omnis
826 1444 967 1527 ejus
1013 1443 1332 1507 memoria
1375 1444 1462 1507 sit
1505 1442 1853 1507 exstincta.
1944 1443 2118 1525 Quin
2161 1444 2233 1508 in
2278 1445 2502 1509 multis
2539 1445 2610 1508 id
2640 1468 2724 1509 ne

433 1567 627 1629 posse
696 1543 963 1630 quidem
1039 1544 1325 1607 inveniri
1391 1543 1688 1608 arbitror.
1797 1544 1973 1609 Hinc
2038 1544 2203 1608 mihi
2278 1546 2724 1632 compluribus

432 1645 597 1708 locis
667 1657 808 1710 orta
873 1657 975 1708 est
1041 1644 1388 1722 dubitatio,
1453 1658 1678 1709 utrum
1730 1645 2115 1731 metaphora
2161 1658 2336 1710 esset
2380 1647 2726 1710 statuenda

432 1768 678 1822 necne;
748 1746 1019 1810 omnino
1090 1768 1233 1817 eam
1299 1746 1623 1809 rationem
1694 1760 1958 1809 secutus
2026 1770 2191 1824 sum,
2247 1760 2321 1810 ut
2366 1770 2474 1810 eas
2519 1761 2726 1811 trans-

431 1846 716 1910 lationes
780 1847 1227 1932 praeterirem,
1297 1870 1462 1932 quae
1526 1847 1599 1910 in
1665 1846 2000 1930 frequenti
2042 1871 2168 1910 usu
2213 1847 2387 1933 apud
2438 1847 2754 1912 Graecos-

434 1946 788 2032 scriptores
857 1959 1097 2011 essent.
1189 1947 1321 2011 Sed
1387 1971 1589 2033 quum
1654 1947 1724 2010 in
1781 1948 1976 2011 rebus
2025 1948 2241 2012 dubiis
2286 1948 2482 2012 nimis
2531 1971 2723 2033 quam

432 2070 661 2133 parum
709 2047 927 2111 dicere
974 2048 1339 2126 maluerim,
1384 2070 1639 2125 vereor,
1684 2070 1769 2111 ne
1813 2048 2172 2112 nonnullae
2217 2049 2643 2134 metaphorae
2690 2073 2726 2112 a

431 2170 535 2211 me
605 2147 736 2211 sint
801 2162 1375 2227 commemoratae,
1444 2171 1603 2233 quas
1670 2148 1782 2211 alii
1842 2148 2078 2214 melius
2146 2149 2374 2213 abesse
2425 2149 2722 2236 potuisse

429 2248 773 2333 putabunt.

600 2348 667 2411 Si
731 2348 866 2411 vim
935 2363 1002 2413 et
1064 2362 1363 2413 naturam
1431 2348 1883 2413 similitudinis
1952 2362 2018 2413 et
2072 2350 2498 2437 metaphorae
2543 2363 2722 2415 recte

431 2449 913 2525 constituimus,
984 2451 1336 2514 obscurum
1408 2473 1549 2513 esse
1617 2474 1754 2514 non
1819 2464 2061 2536 potest,
2130 2452 2288 2536 quid
2356 2452 2522 2514 duae
2567 2451 2721 2515 illae

428 2549 681 2612 formae
727 2551 957 2637 generi
1001 2550 1309 2637 imaginis
1356 2551 1692 2635 subjectae
1722 2551 1898 2616 inter
1930 2575 1998 2615 se
2032 2575 2383 2616 commune
2418 2552 2723 2631 habeant,

431 2673 560 2735 quo
631 2650 976 2728 efficiatur,
1031 2666 1122 2730 ut,
1171 2675 1370 2738 quum
1442 2675 1663 2716 earum
1732 2637 1905 2738 apud
1958 2653 2346 2738 scriptorem
2394 2654 2722 2738 quendam

428 2775 583 2815 usus
631 2752 1153 2817 considerandus
1217 2766 1334 2831 est,
1391 2776 1528 2816 non
1590 2765 1947 2838 separatae,
1994 2753 2174 2838 quod
2214 2754 2418 2840 vulgo
2470 2753 2563 2831 fit,
2611 2754 2723 2817 sed

428 2853 823 2935 conjunctae
893 2853 1179 2917 debeant
1243 2853 1525 2917 tractari.
1616 2852 1743 2930 Qui
1789 2853 2209 2917 definitiones
2258 2877 2451 2940 supra
2497 2855 2721 2918 allatas

429 2952 782 3038 diligenter
828 2954 1361 3030 consideraverit,
1393 2953 1589 3016 facile
1624 2967 1935 3039 agnoscat
1961 2954 2462 3017 similitudinem
2498 2969 2564 3017 et
2591 2978 2722 3017 me-

425 3052 767 3139 taphoram
837 3076 913 3116 ea
976 3067 1230 3117 tantum
1295 3055 1571 3131 ratione,
1640 3077 1766 3139 qua
1827 3054 2273 3132 enuntientur,
2321 3055 2605 3132 differre,
2651 3079 2720 3118 re

424 3154 568 3238 ipsa
614 3167 830 3217 autem
876 3153 1228 3218 cohaerere
1263 3168 1329 3218 et
1361 3155 1589 3217 eadem
1625 3178 1710 3217 ex
1742 3179 1936 3218 causa
1968 3178 2110 3219 esse
2142 3154 2492 3241 profectas,
2541 3156 2721 3234 Quae

427 3255 513 3318 sit
540 3253 703 3318 haec
737 3278 947 3332 causa,
981 3255 1035 3318 si
1061 3255 1455 3340 quaerimus,
1489 3278 1631 3318 eam
1662 3257 1732 3319 in
1766 3256 2125 3341 cupiditate
2159 3257 2436 3341 quadam
2466 3256 2723 3319 homini

424 3354 647 3417 innata
711 3355 990 3441 positam
1061 3379 1204 3420 esse
1270 3356 1670 3420 invenimus,
1755 3357 2005 3420 Natura
2070 3357 2248 3419 enim
2313 3356 2568 3420 homini
2612 3358 2723 3420 tri-

424 3456 656 3519 butum
713 3469 832 3532 est,
878 3469 952 3519 ut
995 3480 1082 3520 ex
1124 3458 1320 3521 rebus
1365 3457 1540 3520 inter
1584 3481 1653 3520 se
1701 3457 2156 3544 comparandis
2211 3458 2720 3521 delectationem

426 3555 667 3641 capiat3
715 3558 1141 3641 quamobrem
1209 3581 1409 3643 quum
1478 3571 1591 3621 aut
1652 3558 1721 3621 in
1769 3558 2052 3622 dicendo
2100 3571 2211 3622 aut
2253 3558 2323 3621 in
2371 3558 2719 3622 scribendo

425 3657 701 3740 alicujus
768 3657 885 3735 rei,
953 3682 1078 3743 qua
1146 3682 1332 3722 mens
1402 3659 1637 3722 acriter
1683 3658 2027 3736 afficiatur,
2074 3659 2485 3722 mentionem
2538 3657 2719 3731 fecit,

424 3758 506 3821 ad
552 3758 745 3820 aliam
811 3781 950 3821 rem
1011 3760 1412 3846 cogitatione
1462 3758 1815 3823 deflectere
1862 3761 2049 3836 solet,
2097 3782 2263 3846 quae
2311 3772 2581 3846 propter
2624 3758 2722 3821 in-

424 3859 680 3945 signem
727 3858 1250 3937 similitudinem,
1299 3883 1493 3946 quam
1540 3884 1690 3924 cum
1733 3860 1848 3924 illa
1890 3860 2107 3935 habet,
2160 3860 2331 3923 ultro
2374 3883 2444 3923 se
2489 3859 2724 3923 offerat

370 3970 376 3976 ’
424 3960 663 4023 animo.
754 3958 969 4037 Quum
1015 3961 1103 4036 id,
1152 3962 1324 4047 quod
1373 3961 1468 4025 sic
1513 3962 1734 4024 animo
1782 3960 2085 4037 occurrit,
2116 3961 2335 4025 verbis
2370 3961 2720 4046 eloquitur,

423 4083 557 4123 non
601 4074 734 4123 tam
780 4059 909 4124 hoc
954 4076 1225 4147 spectat,
1270 4074 1346 4124 ut
1381 4062 1779 4125 sententiam
1811 4085 1994 4126 suam
2026 4061 2234 4147 magis
2265 4061 2619 4126 dilucidam
2656 4072 2723 4124 et

424 4161 503 4224 ad
569 4160 1078 4248 intelligendum
1146 4175 1437 4249 apertam
1503 4162 1755 4240 reddat,
1822 4185 2016 4247 quam
2082 4174 2157 4225 ut
2223 4163 2285 4225 ei
2349 4162 2467 4241 rei,
2533 4163 2718 4246 cujus
