3134 4842
529 182 611 244 94

446 349 597 412 642:
672 342 1001 425 πολλοὺς
1069 343 1148 414 δὲ
1205 345 1514 414 πολλῶν
1566 342 2091 437 ἐξαγισθέντας
2142 342 2402 433 δόμων
2453 342 2732 438 ἄνδρας

445 444 668 541 διπλῇ
731 443 1062 536 μάστιγι,
1139 442 1269 535 τὴν
1326 443 1550 536 Ἄρης
1603 447 1827 543 φιλεῖ,
1875 445 2235 536 δίλογχον
2285 443 2491 536 ἄτην,
2547 468 2723 540 φοι-

444 549 607 615 νιάν
658 546 1046 636 ξυνωρίδα.
1155 549 1451 613 Verbera
1506 550 1840 614 interdum
1895 551 2150 614 duobus
2205 551 2366 614 loris
2407 551 2728 614 instructa

447 650 650 714 fuisse
713 665 779 715 et
834 674 919 714 ex
965 651 1288 736 exemplis
1335 651 1749 736 scriptorum,
1793 665 1868 715 ut
1913 651 2111 737 Soph.
2158 652 2267 714 Ai.
2313 675 2373 714 v.
2422 652 2571 715 242:
2620 646 2725 716 δι-

445 750 595 841 πλῇ
641 746 974 839 μάστιγι,
1023 765 1279 815 constat
1324 765 1391 815 et
1433 751 1641 815 multa
1685 752 1839 815 artis
1885 767 2314 816 monumenta
2345 775 2430 814 ex
2458 752 2725 837 antiqua

447 867 658 915 aetate
705 844 959 916 servata
1005 853 1413 916 confirmant.
1503 852 1663 916 Tale
1709 853 1943 919 verber
1987 852 2093 916 hic
2138 852 2457 937 Aeschyli
2503 854 2724 916 animo

448 954 863 1017 obversatum
937 975 1079 1016 esse
1146 965 1346 1038 patet,
1409 953 1524 1015 sed
1592 976 1724 1016 non
1793 954 1947 1017 satis
2004 966 2291 1039 apparet,
2338 976 2466 1038 quo
2527 976 2723 1017 sensu

441 1054 510 1116 in
556 1054 981 1137 translatione
1030 1053 1277 1139 duplex
1321 1054 1556 1116 verber
1599 1054 1859 1117 dixerit.
1947 1054 2170 1117 Herm.
2218 1053 2448 1139 duplex»
2491 1054 2722 1117 malum

444 1155 722 1240 spectari
791 1155 968 1230 dicit,
1042 1154 1218 1239 quod
1282 1155 1382 1227 iis,
1452 1176 1617 1238 quae
1686 1155 2024 1231 addantur,
2092 1150 2444 1242 δίλογχον
2515 1149 2724 1242 ἄτην,

444 1255 746 1348 φοινίαν
811 1249 1197 1341 ξυνωρίδα,
1261 1253 1634 1318 confirmari
1685 1268 1890 1341 putat,
1936 1256 2051 1318 sed
2097 1278 2310 1340 neque
2355 1256 2518 1342 ipse,
2565 1255 2718 1339 quid

443 1356 528 1419 sit
569 1354 695 1419 hoc
750 1356 998 1443 duplex
1041 1356 1306 1433 malum,
1354 1355 1644 1441 explicat
1685 1378 1899 1440 neque
1944 1356 2013 1419 id
2060 1380 2183 1442 ego
2230 1355 2530 1420 invenire
2576 1379 2725 1442 pos·-

443 1479 607 1519 sum.
694 1457 1024 1541 Equidem
1070 1448 1267 1520 credo
1315 1450 1536 1546 διπλῇ
1579 1479 1714 1519 non
1762 1456 1842 1519 ad
1889 1457 2137 1542 duplex
2182 1456 2446 1541 aliquod
2477 1458 2720 1520 malum

441 1572 756 1642 spectare,
824 1559 937 1620 sed
998 1557 1231 1620 eodem
1289 1557 1486 1619 modo
1555 1570 1749 1641 atque
1816 1549 2149 1651 ἄμφάκει
2200 1557 2416 1621 Prom.
2464 1559 2587 1622 693
2640 1558 2721 1621 ad

439 1658 573 1720 vim
644 1659 1008 1744 augendam
1078 1657 1370 1720 additum
1439 1679 1603 1721 esse.
1714 1652 2066 1745 δίλογχον
2137 1653 2343 1745 ἄτην,
2419 1658 2726 1750 φοινίαν

441 1755 809 1845 ξυνωρίδα
863 1760 942 1823 ad
997 1754 1217 1842 διπλῇ
1263 1751 1571 1845 μάστιγι
1625 1781 1744 1844 per
1798 1758 2281 1845 appositionem
2326 1759 2720 1835 referuntur,

442 1882 854 1944 quamquam,
899 1860 968 1923 id
1015 1859 1193 1944 quod
1238 1882 1374 1922 non
1418 1882 1563 1922 raro
1613 1860 1784 1945 apud
1830 1872 2059 1945 poetas
2105 1857 2198 1936 fit,
2246 1859 2326 1922 ad
2372 1882 2594 1923 casum
2624 1883 2724 1922 re·

438 1960 625 2024 lativi
648 1960 1057 2046 pronominis
1084 1952 1235 2044 τήν,
1258 1960 1409 2044 quia
1430 1959 1497 2023 id
1522 1961 1791 2046 propius
1817 1973 1935 2036 est,
1962 1960 2451 2024 accommodata
2475 1974 2628 2024 sunt
2646 1955 2721 2045 1),

438 2083 653 2145 neque
702 2061 830 2124 alio
878 2061 1157 2124 consilio
1207 2060 1551 2137 adduntur,
1600 2082 1791 2144 quam
1836 2073 1911 2124 ut
1952 2061 2169 2147 imago
2217 2060 2496 2146 duplicis
2540 2061 2720 2124 illius

438 2160 704 2246 flagelli,
773 2161 947 2246 quod
1014 2161 1187 2224 Mars
1246 2183 1471 2246 gerere
1518 2160 1729 2224 solere
1776 2161 2032 2238 dicitur,
2078 2161 2285 2248 magis
2331 2175 2720 2237 exornetu1·;

440 2262 520 2325 de
567 2261 816 2347 duplici
861 2260 1055 2338 malo,
1103 2274 1169 2324 et
1213 2261 1459 2324 civitati
1505 2273 1573 2323 et
1616 2261 1891 2347 singulis
1936 2261 2094 2325 viris
2140 2262 2499 2339 accidente,
2543 2262 2719 2347 quod

438 2362 775 2426 nonnullis
835 2362 905 2425 in
973 2375 1267 2435 mentem
1330 2361 1589 2424 venisse
1655 2361 1948 2440 invenio,
2015 2386 2099 2426 ne
2156 2362 2263 2426 hic
2309 2363 2575 2448 quidem
2620 2376 2723 2427 est

440 2463 882 2549 cogitandum.
971 2457 1319 2549 ἐξαγίζειν
1383 2475 1483 2525 est
1537 2462 1784 2547 aliquid
1828 2477 1903 2527 ut
1945 2464 2275 2549 piaculum
2322 2459 2562 2550 (ἄγος)
2607 2486 2721 2527 ex-

438 2564 685 2650 pellere
733 2577 799 2628 et
841 2565 933 2627 ita
977 2586 1358 2627 consecrare
1405 2586 1478 2626 ac
1525 2562 1885 2640 devovere3
1931 2563 2207 2628 fortasse
2253 2578 2431 2629 recte
2479 2563 2718 2629 Schiitz

440 2665 901 2728 animadvertit
942 2665 1215 2729 vocibus
1263 2658 1483 2754 διπλῇ
1520 2657 1829 2751 μάστιγι
1860 2663 2060 2728 etiam
2089 2664 2158 2727 id
2188 2665 2487 2750 spectari,
2522 2664 2717 2750 quod,

439 2766 550 2850 qui
595 2789 630 2828 e
675 2779 849 2829 terra
893 2765 1169 2850 quadam
1215 2788 1365 2828 cum
1409 2764 1777 2851 ignominia
1821 2765 2235 2849 ejicerentur,
2281 2765 2559 2852 flagellis
2608 2788 2719 2828 ex-

436 2866 596 2952 pelli
663 2866 970 2929 solerent.
1034 2904 1119 2913 —
1178 2865 1273 2929 Ut
1316 2865 1638 2942 stimulus,
1685 2865 1780 2929 sic
1825 2866 2019 2929 etiam
2067 2867 2303 2933 verber
2346 2866 2553 2931 cuivis
2599 2866 2718 2943 rei,

439 2989 602 3051 quae
662 2988 971 3052 magnum
1028 2967 1321 3029 dolorem
1380 2965 1625 3042 afferat,
1669 2965 2095 3030 illustrandae
2141 2967 2445 3045 inservit3
2491 2968 2587 3031 sic
2631 2990 2718 3030 ex

436 3068 692 3154 vulgari
759 3067 1302 3153 interpretatione
1384 3065 1679 3152 Choeph.
1744 3067 1896 3131 375:
1972 3058 2167 3132 ἄλλα
2243 3062 2499 3155 διπλῆς
2570 3062 2718 3156 γὰρ

440 3163 652 3256 τῆσδε
699 3162 1088 3259 μαράγνης
1131 3163 1412 3243 δοῦπος
1451 3167 1770 3233 ἱκνεῖται·
1818 3167 1972 3233 τῶν
2005 3162 2147 3253 μὲν
2190 3159 2486 3261 α’ρωγοὶ
2526 3162 2714 3234 κατὰ

438 3272 569 3356 γῆς
629 3265 790 3357 ἤδη,
855 3269 1010 3334 ταῖν
1074 3263 1152 3333 δὲ
1214 3261 1699 3359 κρατούντων
1755 3267 1965 3355 χέρες
2016 3260 2153 3354 οὐχ
2208 3263 2408 3334 ὅσιαι
2461 3289 2715 3357 στυγε-

437 3370 597 3455 ροῖν
641 3363 955 3435 τούτων.
1032 3369 1336 3455 Plerique
1377 3365 1774 3458 μαράγνης
1826 3368 1907 3432 de
1955 3370 2203 3445 dolore,
2250 3393 2443 3455 quem
2479 3369 2715 3435 chorus

438 3471 694 3548 sentiat,
759 3471 1143 3556 intelligunt
1208 3484 1274 3534 et
1327 3466 1584 3559 διπλῆς
1635 3471 1715 3534 ad
1774 3492 1868 3548 ea,
1926 3493 2090 3555 quae
2137 3483 2518 3555 sequuntur,
2569 3472 2717 3536 τῶν

430 3566 571 3657 μὲν
632 3562 926 3657 ἀρωγοὶ
986 3565 1175 3636 κατὰ
1229 3571 1360 3658 γῆς
1411 3585 1478 3636 et
1531 3571 1685 3636 τῶν
1737 3566 1814 3635 δὲ
1862 3563 2346 3659 κρατούντων
2397 3570 2715 3647 referunt,

436 3687 510 3736 ut
575 3672 809 3737 chorus
878 3672 1126 3758 duplici
1180 3672 1404 3736 dolore
1453 3695 1521 3737 se
1566 3671 1941 3757 perculsum
1988 3672 2181 3750 dicat,
2224 3696 2379 3750 unc,
2426 3672 2602 3757 quod
2645 3671 2715 3748 ii,

438 3774 548 3858 qui
595 3772 811 3843 Oresti
858 3786 924 3836 et
951 3772 1252 3837 Electrae
1293 3795 1488 3858 opem
1519 3772 1692 3836 ferre
1721 3773 1998 3859 possint,
2030 3774 2273 3838 mortui
2302 3773 2453 3850 sint,
2486 3773 2710 3849 altem,

438 3875 614 3959 quod
682 3896 1101 3960 oppressores
1158 3897 1381 3937 eorum
1440 3887 1738 3960 regnent.
1828 3873 2073 3937 Contra
2114 3873 2283 3938 hanc
2328 3872 2717 3960 explicatio-

575 4036 609 4099 ¹)
651 4036 806 4086 Hom.
861 4036 954 4088 Od.
1012 4038 1054 4097 1,
1111 4038 1194 4086 69:
1249 4029 1558 4092 Κύκλωπος
1610 4028 1932 4100 κεχόλωται,
1970 4028 2038 4085 ὃν
2080 4030 2393 4100 ὀφθαλμοῦ
2438 4027 2710 4089 ἀλάωσεν,

438 4114 700 4169 ἀντίθεον
733 4113 1116 4183 Πολύφημον,·
1151 4122 1198 4179 2,
1240 4122 1355 4180 12Ο;
1393 4121 1439 4181 4,
1480 4123 1560 4170 11.
1629 4119 1692 4168 ΙΙ.
1728 4121 1774 4179 3,
1815 4120 1927 4169 124.
1998 4118 2215 4181 Kriiger‚
2252 4118 2457 4168 Griech.
2494 4117 2711 4181 Sprach-

435 4201 592 4260 lehre,
630 4201 698 4261 ΙΙ,
737 4205 815 4259 57,
856 4204 931 4262 10,
969 4206 1016 4251 2.
