3134 4842
552 165 636 229 30

469 332 718 418 primus
772 330 1049 408 institui,
1097 331 1391 394 omnium
1436 330 1759 416 Aeschyli
1802 330 2165 417 imaginum
2213 330 2477 395 collatio
2525 331 2603 396 ad
2651 355 2765 396 eos

472 432 904 518 explicandos
951 432 1176 495 lumen
1225 430 1455 495 afferre
1500 432 1857 495 videretur.

1429 889 1637 993 Gap.
1687 892 1808 974 II.

998 1057 1300 1126 Imagines
1334 1073 1372 1113 a
1388 1058 1588 1113 rebus
1622 1057 1904 1113 inanimis
1938 1048 2232 1129 sumptae.

640 1202 746 1265 Ab
814 1201 895 1265 iis
960 1201 1381 1289 imaginibus,
1450 1224 1613 1286 quae
1688 1225 1724 1264 a
1788 1202 1943 1266 coelo
2010 1215 2204 1287 atque
2262 1226 2399 1267 aere
2443 1227 2767 1290 eorumque

472 1313 632 1366 statu
678 1303 1104 1389 depromptae
1152 1317 1323 1380 sunt,
1365 1302 1633 1366 initium
1679 1301 1936 1366 faciam.

641 1405 669 1486 ξ
719 1405 773 1466 1.
864 1403 1079 1481 Quum
1108 1404 1216 1467 Fr.
1250 1405 1400 1467 214:
1436 1402 1508 1467 εἴ
1518 1423 1655 1488 μοι
1687 1403 1978 1491 γένοιτο
2006 1403 2255 1496 φᾶρος
2276 1388 2439 1469 ἶσον
2461 1397 2765 1494 οὐρανῷ

472 1503 673 1567 vestis
731 1503 916 1567 coelo
977 1504 1208 1567 similis
1255 1504 1513 1577 dicitur,
1562 1503 1749 1567 color
1794 1496 2136 1568 coeruleus
2184 1504 2540 1591 significari
2584 1506 2764 1568 vide-

472 1616 596 1667 tur.
651 1643 737 1651 —
781 1603 974 1682 Quod
1021 1603 1272 1683 Graeci,
1318 1618 1394 1668 ut
1436 1601 1837 1690 singularem
1885 1590 2160 1690 alicujus
2205 1605 2303 1668 rei
2349 1606 2763 1669 altitudinem

475 1705 900 1776 declararent,
949 1728 1091 1769 eam
1125 1705 1383 1769 coelum
1418 1705 1742 1791 attingere
1776 1728 1893 1791 per
1923 1706 2334 1792 hyperbolen
2367 1706 2674 1771 dicebant
2693 1700 2764 1790 1),

472 1805 626 1869 inde
686 1806 932 1869 factum
983 1829 1125 1870 esse
1170 1819 1352 1893 put0‚
1398 1819 1471 1869 ut
1527 1800 1880 1896 οὐράνιος
1932 1806 2129 1870 etiam
2176 1807 2254 1869 ad
2301 1830 2404 1870 res
2450 1831 2585 1870 non
2631 1830 2767 1870 cor-

474 1930 706 1993 poreas
763 1906 1149 1970 translatum
1206 1906 1543 1971 insolitam
1589 1907 2115 1993 magnitudinem
2161 1895 2582 1993 exprimeret.
2668 1907 2769 1971 Ita

475 2007 555 2071 de
601 2006 1105 2070 vehementibus
1153 2006 1488 2071 doloribus
1534 2008 1806 2094 ponitur
1850 2008 2028 2071 Pers.
2075 2008 2226 2071 573:
2284 2002 2485 2096 βαρὺ
2541 2001 2769 2091 δ’ἀμ-

471 2101 766 2187 βόασον
828 2100 1134 2197 οὐράνι’
1191 2103 1356 2195 ἄχη.
1465 2108 1720 2171 Eodem
1770 2131 1968 2172 sensu
2009 2106 2178 2172 hanc
2223 2131 2454 2173 vocem
2502 2109 2770 2174 adhibet

475 2207 838 2294 Sophocles
906 2208 1013 2271 Ai.
1084 2209 1233 2272 195:
1302 2206 1491 2273 ἄταν
1543 2201 1904 2294 οὐρανίαν
1957 2207 2286 2302 φλέγων.
2385 2211 2546 2273 Ant.
2613 2211 2765 2275 418:

474 2304 736 2404 τυφὼς
787 2301 1038 2394 ἀείρας
1091 2302 1438 2397 σκηπτόν,
1494 2302 1855 2401 οὐράνιον
1906 2304 2110 2395 ἄχος.

638 2412 666 2493 ξ
715 2413 770 2473 2.
861 2409 1156 2474 Verbum
1184 2405 1618 2493 ἐπιτέλλειν,
1665 2411 1842 2495 quod
1890 2410 1970 2473 de
2018 2411 2271 2474 oriente
2318 2410 2456 2473 sole
2502 2409 2768 2496 proprie

475 2510 734 2588 dicitur,
802 2511 883 2574 ad
935 2511 1198 2599 initium
1254 2511 1719 2576 declarandum
1763 2511 2174 2588 transfertur,
2222 2511 2419 2574 simul
2465 2511 2772 2595 adjuncta

473 2611 808 2675 felicitatis
877 2611 1378 2698 significatione,
1443 2636 1609 2698 quae
1668 2635 1863 2699 saepe
1909 2613 1979 2674 in
2023 2612 2299 2675 vocibus
2345 2614 2467 2676 diez·
2511 2624 2577 2675 et
2619 2611 2770 2675 lucis

474 2712 667 2776 inest.
757 2712 971 2776 Prom.
1020 2714 1128 2777 99:
1196 2715 1298 2802 πῆ
1347 2734 1532 2779 ποτε
1579 2706 1910 2799 μόχθων
1951 2707 2100 2802 χρὴ
2157 2711 2486 2803 τέρματα
2531 2702 2767 2777 τῶνδ’

474 2808 841 2880 ε’πιτεῖλαι.
931 2812 1046 2876 Cfr
1092 2814 1391 2901 Theogn.
1426 2815 1617 2878 1275:
1653 2808 1932 2905 αὖραῖος
1958 2809 2080 2879 καὶ
2109 2811 2297 2905 ἔρως
2326 2808 2771 2880 ἐπιτέλλεται

476 2909 685 3002 ἡνίκα
728 2934 862 3003 περ
910 2914 1006 3001 γῆ
1049 2909 1361 2979 ἄνθεσιν
1405 2913 1749 3002 εἰαρινοῖς
1781 2909 2052 2980 θάλλει
2084 2906 2465 3001 ἄεξομένη.
2511 2913 2769 2977 Eodem

370 3066 378 3095 ·.
477 3030 673 3079 sensu
718 3037 841 3077 nos
887 3013 1139 3100 '’dagas,
1185 3016 1340 3100 gry”
1387 3015 1688 3082 dicimus.
1743 3054 1827 3063 —-
1870 3019 1934 3079 A
1978 3015 2097 3080 sole
2141 3014 2525 3102 metaphora
2564 3014 2771 3101 petita

474 3104 737 3180 videtui·
784 3115 961 3201 Sept.
993 3116 1146 3179 489:
1194 3108 1358 3181 ἅλω
1405 3110 1483 3181 δὲ
1523 3110 1833 3204 πολλὴν,
1880 3109 2190 3191 ἀσπίδος
2230 3109 2505 3181 κύκλον
2546 3112 2769 3203 λέγω,

476 3215 740 3316 ἔφριξα
793 3208 1245 3304 δινήσαντος.
1301 3210 1505 3292 ἅλως
1558 3219 1716 3281 duas
1764 3217 2280 3304 significationes
2326 3216 2553 3281 habet:
2600 3239 2769 3279 eoro-

476 3341 623 3381 nam
681 3317 866 3381 solem
928 3321 1258 3401 cinyentem
1311 3331 1379 3382 et
1420 3318 1833 3403 frequentius
1880 3341 2090 3384 aream
2131 3319 2480 3401 rotundam,
2526 3317 2598 3380 in
2644 3339 2770 3402 qua

479 3416 785 3495 Graecos,
851 3431 924 3482 ut
991 3431 1250 3482 nostrae
1318 3419 1546 3482 aetatis
1605 3419 1805 3483 Italos
1854 3432 1921 3483 et
1963 3419 2316 3506 Hispanos,
2362 3417 2768 3481 frumentum

476 3531 689 3582 terere
757 3518 987 3583 solitos
1058 3542 1200 3582 esse
1268 3532 1542 3583 constat.
1641 3519 1964 3584 Nonnulli
2006 3520 2402 3604 interpretes
2447 3518 2557 3582 hic
2599 3515 2770 3581 hanc

477 3618 916 3705 posteriorem
974 3620 1108 3682 vim
1169 3620 1493 3684 vocabulo
1547 3620 1648 3683 illi
1693 3621 2010 3699 tribuunt,
2058 3620 2365 3706 clypeum
2411 3619 2504 3683 sic
2548 3617 2771 3681 vocari

476 3720 601 3783 rati
665 3732 937 3806 propter
1000 3720 1493 3785 rotunditatem.
1594 3721 1724 3786 Sed
1785 3721 1949 3784 mihi
2002 3721 2270 3806 quidem
2317 3719 2589 3784 dubium
2635 3741 2769 3781 non

476 3820 759 3897 videtur,
827 3820 986 3905 quin
1050 3819 1160 3885 hic
1228 3821 1307 3884 de
1375 3822 1579 3886 altera
1645 3822 2127 3909 significatione
2187 3819 2608 3907 cogitandum
2667 3819 2768 3885 sit.

479 3919 651 3998 Quid
709 3920 883 3983 enim
945 3921 1152 4007 magis
1196 3922 1531 4007 poeticum
1579 3946 1773 4008 quam
1817 3923 2001 3987 solem
2041 3923 2283 3986 vibrare
2327 3921 2568 3998 dicere,
2616 3918 2771 4006 quid

617 4099 660 4161 ¹)
697 4100 790 4148 cfr
814 4099 1151 4149 Homericum
1176 4098 1332 4157 κλέος
1356 4095 1602 4166 οὐρανὸν
1626 4101 1732 4153 ἵκει
1756 4105 1811 4151 et
1836 4101 1929 4150 Od.
1954 4103 2000 4162 5,
2027 4103 2147 4150 239:
2177 4093 2340 4164 ἐλάτη
2366 4091 2770 4167 οὐρανομήκης,

477 4184 661 4234 Aesch.
699 4184 797 4246 Ag.
834 4184 919 4232 92:
957 4175 1340 4250 οὐρανομήκης
1374 4180 1602 4250 λαμπὰς
1635 4180 1870 4251 ἀνίσχει.
