3134 4842
2469 212 2646 276 -43

439 374 851 470 γράμματα
901 372 986 446 ἐπ
1006 370 1366 454 ’ἀσπίδος
1419 373 1763 471 φλύοντα
1792 372 1864 463 1).
1930 416 2015 427 —
2078 377 2167 441 Et
2233 378 2487 464 origine
2544 391 2610 441 et
2661 379 2730 442 vi

440 494 792 568 cognatum
839 492 939 543 est
985 477 1224 575 φλεΐν,
1271 480 1446 565 quod
1494 503 1688 566 saepe
1734 481 2051 542 abundave
2080 477 2458 564 significat'
2439 480 2726 566 imagine

439 582 517 646 ab
564 604 734 666 aqua
780 593 1117 646 aestuante
1168 593 1234 645 et
1279 580 1656 644 exundante
1691 594 1897 666 capta.
1971 580 2100 666 Ag.
2133 581 2286 643 377:
2335 573 2730 674 φλεόντων

438 675 817 768 δωμάτων
881 676 1236 797 ὑπέρφευ,
1281 684 1459 747 domo
1519 682 1752 748 divitiis
1805 680 2271 767 circumfluente.
2358 683 2485 766 Ag.
2535 682 2726 745 1416:

431 776 698 871 μήλων
775 776 1168 875 φλεόντων
1243 773 1589 856 εὐπόκοις
1659 775 2138 867 νομεύμασιν.
2278 781 2502 867 Suppl.
2573 782 2725 846 666:

436 879 556 949 καὶ
628 890 1011 974 γεραροῖσι
1085 875 1679 975 πρεσβυτοδόκοι
1751 879 2075 968 θυμέλαι
2139 875 2557 974 φλεόντων,
2612 883 2728 948 ubi

440 979 835 1081 φλεόντων
890 986 968 1049 ab
1014 984 1397 1048 Hermanno
1445 1008 1682 1070 magna
1729 983 2190 1069 probabilitate
2237 1006 2355 1068 pro
2404 977 2728 1077 φλεγόν-

439 1105 613 1169 των,
661 1086 837 1171 quod
883 1085 1144 1150 codices
1192 1084 1530 1162 exhibent,
1577 1085 1953 1149 restitutum
2002 1098 2120 1149 est.

606 1189 635 1270 ξ
681 1192 737 1250 9.
826 1186 961 1251 Iam
1030 1186 1221 1250 nobis
1279 1182 1592 1250 transitus
1639 1177 1902 1271 paratus
1950 1199 2051 1249 est
2096 1185 2177 1248 ad
2223 1208 2331 1248 eas
2377 1184 2724 1271 imagines,

439 1310 603 1373 quae
651 1310 883 1372 aquam
929 1300 1261 1373 spectant;
1321 1280 1931 1371 quarumfinaxima
1974 1286 2163 1371 copia
2210 1286 2381 1372 apud
2430 1284 2727 1370 Aeschy-

436 1389 572 1451 lum
617 1388 971 1452 invenitur.
1045 1388 1146 1451 De
1187 1388 1395 1452 imbre
1426 1401 1493 1452 et
1519 1411 1665 1451 rore
1699 1410 1895 1473 supra
1924 1387 2015 1473 (p.
2050 1388 2151 1463 31,
2176 1387 2287 1471 32)
2323 1386 2573 1451 dictum
2606 1400 2724 1481 est.

434 1488 730 1578 hnagine
777 1489 1082 1576 guttatim
1127 1488 1407 1552 labentis
1454 1511 1660 1574 aquae
1709 1511 1803 1562 ea,
1849 1510 2013 1573 quae
2044 1488 2222 1550 lente
2257 1500 2450 1573 atque
2482 1487 2729 1573 paulla-

435 1590 554 1654 tim
618 1589 807 1667 fiunt,
874 1589 1301 1653 illustrantur.
1411 1589 1586 1654 Vide
1654 1591 1781 1675 Ag.
1852 1589 2018 1653 1534
2086 1582 2328 1675 ψακὰς
2392 1582 2470 1653 δὲ
2519 1581 2726 1675 λήγει

439 1692 529 1776 (p.
575 1691 701 1775 31).
759 1728 845 1738 --
915 1691 1142 1777 Suppl.
1191 1691 1382 1754 1001:
1445 1683 1919 1777 καρπώματα
1974 1683 2335 1765 στάζοντα
2385 1682 2727 1775 κηρύσσει

444 1784 741 1880 Κύπρις.
792 1812 857 1856 κ.
915 1785 1277 1866 στάζοντα
1328 1787 1522 1876 vulgo
1570 1791 2117 1878 vertiturfructus
2147 1794 2395 1861 maturi,
2423 1790 2516 1853 ita
2547 1789 2724 1866 dicti,

440 1891 590 1976 quia
653 1893 926 1968 fructuS,
995 1915 1194 1977 quum
1254 1892 1333 1955 ad
1392 1892 1834 1956 maturitatem
1884 1904 2346 1978 pervenerunt,
2391 1905 2728 1976 tamquam·

433 1993 740 2080 guttatim
809 2016 894 2055 ex
960 1997 1188 2056 arbore
1258 1995 1518 2057 cadunt.
1607 1993 1708 2056 De
1777 1992 1902 2056 hoc
1958 1992 2126 2067 loc0‚
2181 1992 2294 2078 qui
2336 1992 2510 2055 inter
2555 1990 2726 2054 diffi-

437 2093 717 2157 cillimos
767 2093 936 2179 apud
986 2092 1393 2178 Aeschylum
1441 2108 1559 2171 est,
1607 2093 1783 2157 infra
1826 2095 2014 2179 plura
2060 2093 2374 2156 dicemus.
2419 2131 2502 2140 ——-
2534 2092 2725 2170 Quod

437 2194 646 2258 ment-i
690 2195 761 2257 in
807 2218 1039 2258 somno
1086 2195 1491 2272 obversatur,
1537 2194 1606 2257 in
1655 2218 1793 2258 eam
1843 2208 2174 2278 tamquam
2207 2193 2274 2257 in
2307 2217 2419 2257 vas
2452 2193 2727 2257 instilla·

435 2308 558 2359 tur.
649 2298 778 2382 Ag.
829 2297 977 2359 179:
1026 2288 1265 2371 στάζει
1321 2289 1368 2359 δ
1379 2286 1492 2359 ’ἔν
1549 2287 1869 2380 θ’ῧπνῳ
1914 2288 2062 2381 πρὸ
2115 2290 2420 2381 καρδίας
2465 2313 2728 2380 μνησι-

435 2388 707 2483 πήμων
756 2389 1010 2471 πόνος.
1077 2435 1161 2444 --
1217 2395 1682 2481 Compluribus
1726 2395 1891 2459 locis
1938 2395 2385 2459 Eumenidum
2433 2396 2514 2459 de
2562 2394 2726 2459 cala-

437 2496 792 2574 mitatibus,
840 2520 1003 2582 quae
1051 2496 1574 2560 Atheniensibus
1623 2520 1659 2560 a
1701 2496 1917 2559 Furiis
1962 2496 2332 2567 imminent,
2363 2496 2457 2559 ita
2487 2496 2728 2560 dicitur

432 2610 509 2662 ut
553 2598 632 2661 de
680 2597 955 2661 humore
1006 2610 1318 2688 nocente,
1366 2620 1563 2682 quem
1607 2597 1759 2660 illae
1805 2597 1873 2659 in
1921 2610 2158 2660 terram
2208 2591 2477 2660 stillant.
2570 2599 2722 2661 782:

435 2692 552 2763 ἱὸν
623 2692 741 2763 ἰὸν
812 2690 1227 2780 ἀντιπενθῆ
1294 2695 1621 2783 μεθεῖσα
1698 2691 2003 2786 καρδίας
2077 2691 2426 2776 σταλάξω
2488 2693 2726 2784 χθονὶ

439 2792 780 2892 φθοράν.
846 2801 998 2864 802:
1026 2791 1218 2886 μηδ’
1251 2791 1623 2887 ακαρπιάν
1653 2789 1974 2885 τεύξητ’,
2007 2789 2312 2892 ἀφεῖσαι
2343 2792 2728 2885 δαιμόνων

436 2894 955 2987 σταλαγματα;
1003 2901 1200 2964 etiam
1245 2902 1400 2964 478;
1436 2893 1662 2988 χώρᾳ
1685 2847 2058 2987 μεταῦθις
2086 2893 2262 2975 ἰὸς’
2226 2921 2302 2966 εκ
2333 2894 2727 2996 φρόνημά·

437 3020 589 3065 των
637 2997 846 3067 πεδοι
896 3020 1094 3067 πεσο
1084 2994 1168 3066 ’.ν

602 3101 888 3190 τέγγειν
950 3116 1051 3166 est
1105 3103 1348 3166 blandis
1398 3103 1597 3166 verbis
1653 3105 1932 3184 mitiyare
1977 3103 2193 3166 Prom.
2243 3104 2436 3166 1008:
2486 3100 2723 3188 τέγγει

436 3196 584 3292 γὰρ
661 3197 877 3269 οὐδὲν
951 3195 1125 3269 οὐδὲ
1196 3197 1629 3289 μαλθάσσει
1701 3197 1901 3291 κεἀρ.
2002 3203 2170 3267 Nam
2229 3202 2511 3291 τέγγειν
2559 3225 2722 3288 aqua

434 3327 686 3389 aspersa
752 3328 1063 3378 macerare
1118 3316 1171 3367 et
1213 3300 1448 3369 mollire
1500 3304 1871 3391 significare
1919 3318 2196 3390 poterat,
2242 3304 2417 3367 unde
2465 3303 2546 3365 ad
2590 3303 2723 3366 vim

436 3405 638 3468 animi
693 3405 1035 3469 molliendi
1081 3404 1292 3469 facilis
1341 3419 1480 3469 erat
1521 3405 1855 3469 transitus.
1900 3442 1985 3452 —-
2029 3406 2157 3491 Ag.
2207 3406 2358 3468 798:
2418 3401 2723 3491 ὄμματα

436 3499 528 3570 τὰ
591 3500 949 3573 δοκοῦντ’
992 3503 1391 3625 εὔφρονος
1455 3503 1530 3573 ἐκ
1584 3504 1913 3581 διανοίας
1968 3500 2231 3594 ὑδαρεῖ
2274 3506 2547 3571 σαίνειν
2601 3525 2724 3598 φι-

432 3599 714 3694 λότητι.
822 3599 1142 3702 φιλότης
1202 3600 1477 3697 ὑδαρής
1539 3619 1641 3671 est
1703 3609 1974 3671 amicitia
2036 3630 2159 3670 non
2222 3609 2490 3676 sino-erm·
2558 3629 2722 3690 quae

435 3707 827 3792 significatio
884 3708 975 3772 ita
1028 3721 1170 3771 orta
1224 3731 1367 3771 esse
1421 3708 1702 3783 videtur,
1748 3722 1822 3771 ut
1867 3701 2140 3795 ὑδαρης
2180 3707 2393 3793 primo
2441 3708 2521 3797 de
2566 3708 2721 3770 vino

435 3806 543 3869 vel
613 3808 735 3871 alia
792 3832 861 3872 re
917 3832 1084 3893 aqua
1139 3808 1348 3872 diluta
1391 3823 1458 3872 et
1499 3809 1730 3872 vitiata
1774 3808 2122 3885 diceretur,
2170 3808 2409 3872 deinde
2455 3820 2725 3893 propter

432 3905 602 3970 hanc
619 3908 784 3992 falsi
808 3909 963 3986 vim,
989 3932 1153 3995 quae
1179 3909 1245 3972 in
1273 3933 1352 3972 eo
1378 3910 1610 3984 inerat,
1644 3909 1722 3972 ad
1749 3909 2100 3973 amicit-iam
2126 3910 2495 3973 simulatam
2520 3922 2723 3971 trans·

433 4005 734 4072 ferretur.
842 4009 1160 4093 Ejusdem
1227 4034 1383 4073 usus
1443 4010 1823 4094 exemplum
1871 4024 1970 4073 est
2015 4012 2218 4074 Arist.
2267 4009 2458 4073 Polit.
2509 4010 2607 4084 ll,
2655 4009 2721 4073 8:

572 4152 615 4216 ¹)
656 4155 955 4217 Comparari
1009 4160 1181 4218 potest
1237 4157 1344 4206 Cic.
1391 4156 1456 4203 de
1490 4155 1580 4203 fin.
1616 4156 1674 4214 V,
1714 4157 1798 4205 27:
1837 4156 2031 4204 dixerit
2068 4156 2167 4205 hoc
2200 4153 2415 4217 quidem
2453 4154 2723 4217 Epicurus»,

432 4250 633 4301 semper
685 4238 900 4287 beatum
953 4253 1062 4287 esse
1115 4239 1420 4302 sapientem,
1467 4239 1608 4301 quod
1641 4239 1851 4300 quidem
1889 4239 2020 4287 solet
2055 4240 2275 4288 ebullire
2311 4253 2724 4300 nonnumquam.
