3134 4842
2478 225 2599 288 105

683 399 868 463 neat3
936 387 1005 449 in
1074 386 1463 473 crepusculo
1522 411 1636 452 eos
1682 389 1948 466 versari,
1998 413 2274 474 quorum
2323 414 2463 455 sors
2509 391 2687 457 inter

684 487 1190 573 prosperitatem
1278 500 1345 551 et
1429 488 1892 552 infelicitatem
1968 490 2185 553 media
2271 492 2373 554 sit.
2451 489 2680 555 Herm.

686 584 762 654 ἐν
804 581 987 704 φάει
1022 587 1103 651 (1ε
1143 588 1469 674 Aegistho
1509 602 1577 653 et
1611 588 2153 674 Clytaemnestra,
2191 586 2266 657 ἐν
2282 592 2701 679 μεταιχμίῳ

686 708 963 755 σκοτου
1028 687 1109 751 de
1179 689 1431 764 Oreste,
1497 686 1820 781 ἄκρατος
1872 684 2002 769 νύξ
2046 691 2124 754 de
2174 694 2681 778 Agamemnone

685 790 934 854 dictum
991 802 1197 876 putat.
1304 789 1442 853 Alii
1500 791 1700 854 verba
1741 790 1858 853 illa
1901 793 1978 856 ad
2028 792 2274 856 scelera
2322 807 2433 857 aut
2477 795 2680 858 mani-

686 890 856 954 festa
920 906 1031 954 aut
1105 890 1271 954 clam
1329 892 1697 969 commissa,
1745 891 1860 954 sed
1906 893 2377 979 aliquantisper
2419 907 2676 958 tantum

686 991 957 1055 latentia
1053 1004 1165 1055 aut
1232 976 1502 1078 ‘semper
1584 992 1918 1057 oblivione
1994 993 2292 1058 involuta
2360 996 2678 1059 referunt.

687 1091 979 1177 Utraque
1047 1092 1265 1179 imago
1334 1092 1762 1157 usitatissima
1817 1104 1933 1156 est.
2024 1093 2117 1157 Ut
2169 1095 2366 1158 etiam
2412 1119 2535 1182 ego
2582 1096 2678 1159 in-

685 1193 1246 1278 terpretationem,
1295 1216 1461 1278 quae
1494 1193 1659 1256 mihi
1688 1194 1971 1256 maxime
2005 1195 2364 1280 probabilis
2395 1195 2677 1274 videtur,

686 1294 754 1356 in
820 1293 1113 1357 medium
1180 1292 1540 1380 proferam,
1623 1295 1716 1358 sic
1779 1294 1917 1358 fere
1984 1294 2205 1359 locum
2272 1297 2675 1384 explicatum

686 1394 907 1457 velim.
1014 1393 1341 1470 Ancillae,
1382 1392 1551 1481 'quae
1599 1395 1798 1458 modo
1846 1397 2349 1482 prosperitatem
2395 1398 2678 1461 homini-

686 1495 807 1558 bus
856 1495 1051 1558 deum
1099 1507 1166 1558 et
1211 1494 1358 1580 plus
1407 1496 1531 1559 deo
1581 1519 1723 1559 esse
1759 1496 2090 1573 dixerunt,
2122 1498 2252 1561 iam
2279 1498 2675 1561 sententiam

686 1590 1056 1681 adj'ungunt
1130 1595 1395 1681 tragicis
1461 1597 1571 1659 vel
1627 1596 1909 1659 maxime
1959 1596 2368 1676 familiarem,
2416 1600 2494 1662 ad
2543 1622 2677 1677 eOS,
2735 1630 2748 1639 ·

685 1696 797 1781 qui
853 1695 1222 1759 felicissimi
1267 1710 1333 1761 et
1377 1697 1822 1782 potentissimi
1867 1697 2017 1775 sint,
2064 1722 2348 1784 poenam
2396 1699 2674 1763 celerius

684 1819 876 1882 quam
924 1797 1003 1859 ad
1060 1796 1220 1860 alios
1266 1798 1634 1883 pervenire.
1731 1798 2078 1862 Discrime‘n
2111 1802 2387 1885 justitiae
2427 1801 2675 1866 divinae

681 1897 948 1962 celeriter
1011 1900 1077 1960 in
1142 1920 1239 1961 008
1304 1902 1557 1983 inyruit,
1626 1903 1737 1984 qui
1798 1900 1863 1961 in
1917 1901 2045 1963 luce
2100 1902 2326 1979 vivunt,
2372 1903 2415 1962 z'.
2471 1924 2519 1964 e.
2566 1903 2677 1985 qui

676 2009 945 2082 potente-s
989 2009 1043 2061 et
1083 2002 1149 2062 in
1192 1998 1505 2084 republica
1539 2009 1920 2084 praestante-3
1964 2012 2137 2074 sunu
2203 2004 2398 2064 serius
2442 2001 2676 2065 dolores

685 2122 784 2162 eos
826 2110 1088 2174 manent,
1133 2101 1244 2185 qui
1285 2101 1350 2163 in
1396 2100 1749 2186 crepusculo
1775 2112 2115 2178 versantur,
2145 2105 2184 2165 i.
2218 2125 2265 2167 e.
2295 2105 2422 2188 qui,
2455 2126 2675 2188 quam-

681 2223 870 2285 quam
935 2223 1055 2264 non
1117 2201 1429 2287 principes
1479 2212 1639 2275 sunt,
1689 2212 1889 2265 tamen
1933 2203 2227 2285 diynitate
2270 2215 2325 2267 et
2366 2203 2674 2291 opulentia

685 2301 860 2386 vungo
903 2302 1257 2365 antecedunt
1266 2326 1286 2377 ‚-
1331 2301 1441 2364 aliz·
1483 2306 1593 2381 (30,
1637 2302 1885 2388 vulqus)
1925 2306 2245 2389 profunda
2283 2316 2449 2368 nocte
2478 2315 2674 2368 tenen—

681 2413 801 2464 tur.
888 2401 1083 2465 Haud
1129 2402 1406 2465 multum
1457 2402 1866 2466 dissimiliter
1911 2402 1985 2466 O.
2018 2403 2260 2467 Miiller
2288 2406 2673 2490 interpreta-

688 2514 792 2565 tus
841 2516 957 2567 est.
