3134 4842
505 233 583 294 92

419 399 536 462 tim
584 399 829 484 lupato,
878 399 1145 476 dictum,
1191 399 1324 461 vim
1371 398 1683 462 domandi
1727 398 1926 462 habet
1972 395 2266 482 Choeph.
2314 396 2465 459 962:
2507 396 2702 485 μέγα

422 494 470 564 δ
483 491 873 590 ’ἀφῃρέθη
942 492 1224 587 ψάλιον
1276 497 1605 582 οἰκετῶν,
1658 498 2023 562 interfectis
2073 497 2595 582 Clytaemnestra
2638 510 2704 561 et

419 599 744 686 Aegistho
790 600 1046 663 frenum
1097 599 1472 663 domesticis
1520 600 1861 685 demptum
1894 612 2011 663 est.
2039 637 2124 646 —
2152 591 2406 683 κῃμός,
2438 597 2699 683 proprie

404 701 660 789 fiscella,
718 723 881 785 quae
942 701 1161 764 oribus
1206 723 1524 785 equorum
1567 700 2045 776 innectebatur,
2086 721 2169 762 ne
2213 699 2514 762 mordere
2557 722 2703 784 pos-

421 815 569 864 sent
612 800 810 885 (Xen.
858 801 938 864 de
985 816 1120 864 arte
1169 802 1367 885 equit.
1416 802 1472 877 5,
1518 803 1603 883 3),
1648 801 1717 864 in
1762 799 2313 886 significationem
2355 799 2581 864 vinculi
2624 800 2702 863 ab

422 901 757 986 Aeschylo
801 902 1149 964 translatus
1195 915 1311 978 est,
1342 914 1417 964 ut
1446 903 1746 965 videmus
1781 924 1863 964 ex
1896 900 2100 964 schol.
2134 900 2214 963 ad
2244 900 2448 963 Arist.
2479 899 2702 984 Equit.

419 1025 480 1064 v.
529 1004 689 1065 1147
737 1002 870 1087 (Fr.
920 1004 1096 1084 124):
1154 996 1531 1088 Αἰσχύλος
1584 996 1658 1068 ἕν
1710 995 2133 1089 Λυκούργῳ
2186 993 2705 1088 ἄλληγορικιῦς

422 1097 596 1178 τοὺς
670 1098 986 1188 δεσμοὺς
1056 1096 1335 1190 κημους
1397 1103 1633 1193 εἴρηκε
1685 1096 1806 1168 διὰ
1862 1095 2155 1168 τούτων
2217 1097 2376 1167 »καὶ
2440 1094 2703 1167 τούσδε

418 1198 700 1290 κημοὺς
749 1197 1183 1287 στόματος».

587 1303 910 1393 κέντρον,
978 1306 1239 1390 proprie
1306 1304 1607 1381 stimulus,
1676 1326 1804 1388 quo
1872 1303 2132 1389 aurigae
2201 1303 2274 1365 ad
2338 1325 2540 1387 equos
2596 1301 2703 1364 vel

423 1405 547 1468 alia
592 1406 893 1489 jumenta
934 1405 1336 1491 impellenda
1379 1405 1751 1481 utebantur,
1800 1405 2030 1468 eodem
2081 1404 2218 1466 fere
2266 1403 2462 1466 modo
2510 1416 2703 1487 atque

424 1507 593 1590 apud
661 1529 781 1581 nos
848 1507 1168 1569 vocabula
1233 1505 1434 1569 calcar
1498 1504 1936 1591 significantia
2004 1504 2413 1580 transfertur,
2479 1517 2553 1567 ut
2615 1504 2703 1579 id,

424 1607 601 1691 quod
670 1606 749 1669 ad
821 1606 1066 1692 aliquid
1133 1606 1507 1669 faciendum
1573 1606 1869 1691 impellat
1913 1620 1979 1668 et
2021 1605 2272 1682 incitet,
2319 1604 2704 1668 declaretur.

421 1706 613 1770 Eum.
666 1709 821 1771 427:
868 1709 1017 1773 ποῦ
1070 1701 1216 1797 γὰρ
1273 1709 1594 1772 τοσοῦτο
1646 1707 1947 1794 κέντρον
2002 1701 2105 1781 οὖς
2147 1710 2707 1795 μητροκτονεῖν,·

425 1807 539 1871 ubi
594 1820 694 1871 est
740 1820 989 1871 tantum
1039 1808 1563 1883 incitamentum,
1610 1821 1683 1871 ut
1727 1806 2012 1892 aliquem
2058 1806 2138 1870 ad
2183 1820 2457 1869 matrem
2501 1806 2706 1869 inter-

424 1907 772 1972 ficiendam
821 1909 1144 1972 adducere
1191 1906 1442 1995 possit?
1491 1907 1717 1994 Suppl.
1767 1910 1916 1971 107:
1971 1902 2093 1972 καὶ
2143 1900 2484 1972 διάνοιαν
2529 1928 2705 1991 μαι-

422 2003 630 2074 νόλιν
678 2010 982 2097 κέντρον
1033 2008 1223 2095 ἔχων
1275 2005 1640 2103 ἄφυκτον.
1730 2009 1923 2073 Eum.
1951 2010 2106 2071 466:
2155 2004 2348 2095 ἄλγη
2384 2027 2706 2101 προφω-

423 2110 578 2175 νιῦν
650 2101 1079 2195 ἀντίκεντρα
1151 2105 1440 2196 καρδίᾳ,
1496 2109 1561 2175 εἰ
1614 2102 1723 2196 μή
1786 2131 1852 2174 τι
1918 2102 2153 2175 τῶνδ’
2181 2107 2466 2195 ἔρξαιμι
2534 2102 2707 2184 τοὺς

425 2204 814 2284 ἐπαιτίους.
902 2210 1250 2277 Horrenda
1290 2210 1404 2272 illa
1449 2212 1637 2287 mala,
1686 2233 1848 2294 quae
1901 2209 2141 2296 Apollo
2174 2208 2392 2273 Oresti
2420 2210 2704 2279 minatus

427 2324 582 2386 erat,
628 2311 757 2373 nisi
802 2311 879 2375 ab
925 2311 1027 2388 iis,
1076 2310 1186 2396 qui
1231 2325 1482 2396 patrem
1528 2313 1670 2396 ejus
1715 2311 2224 2388 interfecissent,
2256 2332 2502 2396 poenas
2535 2333 2704 2372 sum-

423 2411 681 2497 psisset,
750 2412 930 2475 cordi
999 2413 1138 2495 ejus
1205 2412 1272 2474 in
1340 2413 1487 2476 loco
1557 2411 1807 2475 stimuli
1858 2412 2146 2488 fuerunt,
2191 2411 2233 2473 i.
2281 2435 2336 2474 e.
2384 2411 2463 2474 ad
2510 2411 2707 2497 parri-

426 2512 669 2576 cidium
715 2512 1092 2576 faciendum
1137 2513 1561 2599 impulerunt.
1648 2512 1839 2576 Eum.
1902 2515 2048 2577 136:
2112 2504 2383 2597 (ὀνείδη
2437 2509 2705 2594 ἔνδικα)

425 2618 578 2688 τοῖς
621 2608 1012 2705 σώφροσιν
1057 2606 1489 2704 ἀντίκεντρα
1533 2614 1882 2702 γίγνεται,
1908 2614 2123 2697 justae
2156 2612 2703 2698 reprehensiones

427 2714 757 2799 sapientes
817 2714 897 2776 ad
943 2714 1269 2800 agendum
1319 2714 1629 2778 excitant.
1718 2713 1921 2777 Paulo
1966 2727 2117 2799 post
2158 2736 2219 2776 v.
2268 2714 2388 2777 155
2431 2713 2703 2776 Furiae:

425 2809 589 2898 ἐμοὶ
640 2810 687 2880 δ
700 2807 1031 2890 ’ὄνειδος
1106 2810 1179 2893 ἐξ
1240 2807 1655 2904 ὀνειράτων
1708 2808 1957 2899 μολὸν
2019 2812 2286 2902 ἔτυψεν
2338 2809 2546 2879 δίκαν
2598 2809 2705 2879 δι-

427 2910 821 3009 φρηλάτου
870 2914 1287 3001 μεσολαβεῖ
1326 2915 1603 3006 κέντρῳ
1659 2910 1804 2981 ὑπὸ
1874 2913 2172 3010 φρένας,
2229 2908 2372 2980 ὑπὸ
2440 2908 2702 2995 λοβόν.

425 3010 734 3102 πάρεστι
790 3015 1288 3101 μαστίκτορος
1351 3011 1565 3081 δαΐου
1619 3011 1890 3101 δαμίου
1942 3010 2142 3103 βαρὺ
2197 3009 2283 3080 τὸ
2338 3013 2705 3104 περίβαρυ

423 3110 648 3203 κρύος
712 3116 915 3203 ἔχειν.
1002 3116 1240 3179 Furiae
1288 3140 1355 3179 se
1404 3118 1718 3181 conviciis
1767 3118 2326 3202 Cly'taemnestrae
2372 3117 2704 3201 perculsas

428 3218 655 3281 dicunt
719 3232 1049 3302 tamquam
1118 3217 1195 3280 ab
1264 3217 1502 3304 auriga,
1573 3220 1684 3302 qui
1755 3218 2090 3282 stimulum
2160 3240 2348 3280 suum
2415 3218 2702 3280 medium

424 3318 808 3403 prehendat,
857 3341 985 3402 quo
1035 3341 1182 3380 eum
1229 3318 1462 3382 fortius
1507 3320 1763 3382 vibrare
1810 3318 2036 3404 possit.
2111 3317 2370 3380 Deinde
2405 3319 2481 3381 ad
2515 3318 2703 3380 aliam

428 3435 621 3502 atque
668 3442 810 3481 eam
856 3419 1194 3481 fortiorem
1228 3419 1583 3505 imaginem
1613 3433 2053 3505 transgressae
2086 3418 2386 3481 convicia
2412 3419 2527 3481 illa
2557 3441 2701 3481 cum

426 3518 688 3605 flagello
761 3519 1080 3583 carnificis
1149 3534 1545 3605 comparant,
1615 3543 1743 3604 quo
1799 3519 2130 3605 perculsas
2188 3542 2256 3581 se
2301 3517 2568 3582 horrere
2614 3519 2705 3582 di-

430 3634 605 3683 cunt.
650 3658 735 3666 —
776 3620 1116 3684 Interdum
1160 3620 1447 3705 imagine
1496 3620 1747 3683 stimuli
1789 3643 1914 3696 res,
1962 3643 2126 3705 quae
2173 3619 2466 3682 dolorem
2499 3619 2706 3695 affert,

426 3721 788 3784 illustratur
854 3722 1034 3784 nulla
1090 3721 1396 3805 adjuncta
1449 3721 1852 3785 incitationis
1900 3720 2398 3806 significatione.
2490 3721 2706 3787 Prom.

429 3823 578 3885 691:
646 3816 972 3909 πήματα,
1045 3814 1367 3905 λύματα,
1444 3815 1740 3906 δειματ’
1767 3815 1952 3907 ἐμὰν
2024 3812 2361 3915 α’μφάκει
2430 3819 2707 3906 κέντρῳ

429 3917 686 4011 ψήξειν
737 3916 1009 4012 ψυχάν.
1067 3915 1421 4013 ἀμφάκης
1466 3936 1566 3986 est
1609 3924 1845 3988 duobus
1888 3922 2113 3986 aculeis
2139 3924 2488 3998 instructus,
2522 3922 2706 4005 cujus

428 4024 689 4109 generis
758 4024 1055 4088 stimulos
1124 4024 1307 4108 apud.
1364 4022 1646 4087 Graecos
1711 4025 1779 4087 in
1849 4046 1972 4086 usu
2027 4020 2230 4085 fuisse
2279 4027 2565 4098 constan
2611 4022 2708 4085 cfr

430 4124 590 4188 Oed.
659 4126 732 4188 R.
802 4127 953 4188 809:
1024 4118 1308 4199 διπλοῖς
1371 4124 1758 4213 κέντροισι.
1870 4122 2079 4200 Quum
2142 4122 2379 4186 talibus
2426 4122 2706 4185 stimulis

430 4226 727 4306 graviora
780 4226 1059 4287 vulnera
1108 4222 1321 4310 infligi
1367 4238 1659 4310 possent,
1707 4224 2049 4311 epitheton
2096 4215 2426 4318 ἅμφοῖκει
2472 4222 2580 4287 hic
2625 4244 2704 4285 eo
