3134 4842
471 180 552 245 68

386 369 630 433 genera
696 347 838 412 solo
901 348 1137 411 obtutu
1183 347 1525 411 oculorum
1571 347 1706 409 vim
1748 346 2032 411 necandi
2074 346 2315 411 habere
2362 340 2688 435 putaban-

386 462 510 511 tur.
598 446 771 532 Vide
828 448 997 512 Plin.
1054 448 1227 512 Hist.
1272 447 1420 512 Nat.
1468 450 1569 525 29,
1615 449 1674 525 4,
1721 449 1820 511 19.
1907 448 2215 512 Fortasse
2260 449 2409 513 talis
2457 449 2688 514 fabula

387 548 724 638 Aeschylo
776 549 1121 612 obversata
1185 561 1303 613 est.
1367 587 1453 597 —-
1514 548 1763 627 Restat,
1828 561 1904 612 ut
1956 548 2226 612 afferam
2279 549 2471 613 Eum.
2521 552 2678 614 181:

279 662 287 670 ’
385 646 731 730 λαβοῦσα
781 643 1063 736 πτηνὸν
1111 641 1490 738 ἀργηστὴν
1542 645 1748 741 ὄφιν.
1804 644 1982 743 ὄφις
2035 662 2136 713 est
2188 649 2424 735 sagitta
2468 650 2687 738 Apol--

387 750 561 827 linis,
606 751 699 814 ita
740 749 933 827 dicta,
981 750 1150 835 quia,
1196 764 1271 813 ut
1315 749 1555 836 anguis
1593 751 1813 828 dente,
1860 750 1991 814 acri
2036 774 2155 813 suo
2202 774 2518 815 mucrone
2559 752 2689 815 icit

387 863 454 916 et
517 851 791 914 vulnera
846 850 1189 914 mortifera
1242 850 1506 936 infligit.
1598 850 1837 915 Schiitz
1884 851 2157 936 conjicit
2198 850 2354 916 huic
2400 852 2684 938 sagittae

387 950 819 1037 descriptioni
886 965 1224 1038 aspectum
1297 964 1698 1037 serpentum,
1766 952 2004 1037 quibus
2060 952 2273 1028 crines
2328 952 2680 1024 Furiarum

385 1052 673 1115 redimiti
719 1066 958 1129 essent,
1006 1052 1432 1120 occasionem,
1468 1052 1749 1117 dedisse.

325 1231 331 1244 ·
552 1154 664 1236 §5.
714 1153 822 1216 Ab
856 1152 1229 1238 amphibiis,
1259 1176 1422 1238 quae
1464 1166 1804 1230 vocantur,
1849 1152 1979 1216 iam
2027 1152 2107 1216 ad
2151 1176 2290 1217 aves
2333 1166 2675 1218 transeun-

387 1252 542 1316 dum
589 1266 707 1317 est.
793 1247 929 1317 Has
977 1254 1140 1317 aeris
1186 1254 1436 1318 incolas
1483 1253 1656 1339 apud
1703 1276 1932 1317 omnes
1966 1252 2250 1318 Graecos
2282 1267 2509 1340 poetas
2540 1247 2674 1318 tam

384 1353 768 1439 frequenter
811 1367 879 1417 et
920 1355 989 1418 in
1036 1354 1575 1418 similitudinibus
1624 1367 1689 1417 et
1731 1355 1799 1417 in
1843 1354 2246 1440 metaphoris
2279 1378 2684 1419 commemo-

383 1468 553 1519 ratas
617 1455 1013 1532 invenimus,
1080 1468 1154 1519 ut
1215 1455 1296 1519 iis
1353 1454 1706 1541 praecipue
1764 1455 2072 1518 delectati
2118 1478 2260 1519 esse
2307 1455 2681 1519 videantur-

386 1557 607 1640 Atque
640 1547 644 1558 ⁸
677 1556 854 1641 quod
921 1578 1116 1641 supra
1169 1556 1328 1632 dixi,
1381 1554 1685 1619 homines
1744 1557 1823 1619 ab
1867 1555 1948 1619 iis
1994 1555 2411 1641 potissimum
2456 1557 2682 1633 rebus,

387 1678 550 1741 quae
617 1656 697 1719 iis
764 1656 1049 1719 maxime
1118 1679 1308 1720 curae
1368 1669 1608 1734 essent,
1665 1656 1987 1742 imagines
2034 1679 2313 1734 sumere,
2357 1657 2428 1720 id
2472 1657 2672 1722 etiam

384 1756 505 1821 hac
569 1758 638 1820 in
704 1781 771 1820 re
833 1758 1317 1843 comprobatur.
1407 1756 1667 1835 Quanto
1716 1757 1892 1820 enim
1941 1779 2161 1820 amore
2208 1770 2401 1842 atque
2449 1757 2680 1821 studio

387 1856 619 1921 Graeci
664 1881 815 1922 aves
861 1857 1152 1944 amplexi
1197 1857 1346 1935 sint,
1394 1871 1839 1943 quantumque
1887 1880 1995 1921 eas
2028 1870 2095 1921 et
2120 1871 2417 1921 naturam
2449 1881 2676 1922 earum

386 1959 898 2035 observaverint,
945 1982 1032 2021 ex
1076 1959 1524 2044 compluribus
1571 1959 1765 2022 rebus
1812 1971 2100 2044 apparet.
2190 1957 2283 2021 Ut
2327 1959 2452 2038 alia
2482 1960 2680 2023 omit-

385 2074 536 2136 tam,
590 2045 717 2123 h'oc
772 2059 996 2123 multis
1042 2059 1253 2122 modis
1298 2059 1368 2122 in
1413 2058 1738 2145 religione
1784 2081 2013 2121 eorum
2060 2058 2379 2137 cernitur;
2427 2061 2671 2124 multae

385 2183 536 2224 aves
605 2159 729 2223 diis
797 2182 1014 2223 sacrae
1080 2158 1507 2235 habebantur,
1573 2160 1816 2223 multae
1882 2171 2225 2222 narrantur
2279 2159 2539 2224 fabulae
2586 2160 2670 2224 de

383 2245 763 2324 hominibus
830 2260 900 2322 in
967 2283 1118 2323 aves
1185 2260 1480 2336 mutatis;
1548 2273 1865 2343 quantum
1922 2258 2155 2323 Graeci
2208 2261 2514 2348 auspiciis
2558 2261 2676 2323 tri-

384 2362 666 2438 buerint,
733 2361 908 2424 inter
974 2384 1202 2424 omnes
1272 2373 1546 2424 constat.
1645 2360 1865 2423 Etiam
1924 2360 2298 2446 Aeschylus
2357 2385 2667 2448 magnum

382 2484 729 2525 numerum
804 2461 1187 2548 imaginum,
1263 2484 1427 2546 quae
1506 2484 1659 2525 aves
1735 2474 2055 2547 spectant,
2132 2460 2431 2540 exhibet;
2510 2485 2678 2548 quas-

384 2563 667 2626 eundem
715 2563 1012 2626 ordinem
1061 2575 1253 2647 atque
1298 2562 1368 2626 in
1410 2574 1551 2626 toto
1594 2561 1721 2625 hoc
1750 2562 1829 2625 de
1860 2561 2257 2649 imaginibus
2290 2564 2668 2626 animalium

381 2664 531 2728 loco
590 2685 854 2727 servans
917 2663 1010 2727 ita
1051 2664 1368 2739 tractabO,
1412 2676 1486 2727 ut
1529 2648 1815 2748 primum
1861 2685 1989 2741 eas,
2035 2685 2200 2747 quae
2248 2686 2670 2728 communem

383 2765 601 2828 avium
646 2778 943 2828 naturam
989 2776 1309 2850 spectent,
1357 2786 1708 2849 exponam,
1750 2762 1991 2826 deinde
2024 2763 2105 2826 ad
2137 2763 2397 2851 singula
2427 2788 2672 2850 genera

382 2864 839 2951 transgrediar.

551 2965 845 3029 Primum
918 2964 1110 3028 nobis
1192 2965 1477 3028 occurrit
1559 2983 1796 3051 magna
1862 2965 2390 3051 metaphorarum
2458 2963 2678 3050 copia,

385 3088 548 3151 quae
594 3090 631 3128 a
673 3066 931 3129 volando
977 3065 1404 3151 depromptae
1451 3078 1633 3141 sunt-3
1681 3088 1952 3150 quarum
1998 3066 2195 3130 etiam
2242 3088 2370 3147 eas,
2415 3064 2483 3127 in
2530 3068 2670 3150 qui-

382 3168 502 3231 bus
550 3190 702 3231 aves
749 3190 886 3229 non
932 3166 1125 3252 plane
1173 3157 1791 3243 commemorantur,
1822 3165 1931 3229 hic
1961 3179 2140 3230 recte
2170 3166 2392 3230 locum
2424 3165 2672 3230 habere
2717 3170 2726 3174 ’

383 3281 564 3353 puto,
632 3291 834 3352 quum
900 3267 1216 3331 credibile
1282 3267 1367 3331 sit
1420 3279 1683 3352 poetam
1740 3266 1809 3329 in
1852 3266 1935 3331 iis
1982 3266 2062 3330 de
2108 3266 2356 3344 avibus,
2403 3289 2540 3330 non
2585 3267 2668 3330 de

383 3368 526 3432 aliis
614 3367 988 3431 volantibus
1065 3367 1452 3431 animalibus
1530 3366 1875 3452 cogitasse.
2013 3367 2304 3432 Volandi
2378 3367 2676 3453 imagine

380 3468 766 3555 praesertim
810 3469 1128 3533 celeritatis
1172 3468 1359 3533 notio
1405 3468 1787 3531 illustratur.
1875 3467 2066 3546 Quod
2095 3468 2225 3531 iam
2258 3468 2335 3531 ab
2368 3467 2674 3532 Homero

379 3571 627 3662 factum
671 3569 1004 3647 videmus;
1051 3569 1281 3634 confer
1323 3569 1486 3633 haec
1518 3569 1855 3655 exempla:
1887 3569 1963 3633 Il.
1997 3572 2054 3647 2,
2089 3570 2238 3633 764:
2284 3562 2674 3644 ποδώκεας

383 3667 703 3760 ὄρνιθας
756 3664 880 3746 ὥς.
971 3670 1092 3734 Od.
1141 3675 1197 3748 7,
1243 3672 1355 3735 36:
1400 3668 1550 3745 νέες
1596 3661 1848 3735 ὠκεῖαι
1895 3665 1998 3745 οὖς
2038 3668 2104 3736 εἰ
2125 3663 2399 3759 πτερόν
2430 3683 2497 3734 et
2526 3692 2668 3733 ver·
2729 3695 2734 3699 ·

378 3774 537 3840 bum
599 3768 956 3837 πέτεσθαι
1012 3772 1079 3835 vi
1142 3773 1434 3836 currendi
1485 3784 1891 3856 usurpatum.
1988 3771 2088 3835 Ita
2139 3790 2239 3837 πο
2254 3766 2527 3836 τᾶσθαι
2582 3770 2671 3834 de

381 3874 580 3938 celeri
625 3872 1021 3936 Graecorum
1069 3896 1154 3936 ex
1199 3872 1401 3957 Troja
1443 3870 1660 3936 reditu
1691 3873 1959 3958 ponitur
1987 3873 2116 3956 Ag.
2150 3871 2303 3935 575:
2352 3866 2457 3947 αἶς
2482 3892 2666 3957 κομ-

379 3968 610 4041 πάσαι
657 3965 847 4064 τῷδ’
874 3969 1063 4049 εἰκὸς
1105 3969 1319 4060 ἡλίου
1365 3965 1544 4067 φάει
1591 3966 1769 4060 ὑπὲρ
1815 3965 2205 4057 θαλάσσης
2230 3968 2352 4038 καὶ
2370 3966 2670 4059 χθονὸς

379 4074 862 4161 ποτωμένοις.
892 4113 975 4121 —-
1005 4074 1163 4138 Vox
1206 4073 1510 4149 humana,
1557 4073 1710 4157 quia
1754 4071 2055 4136 celeriter
2095 4095 2217 4158 per
2260 4081 2407 4137 aera
2433 4072 2670 4148 fertur,

377 4178 600 4241 volare
649 4176 908 4240 dicitur.
997 4174 1174 4261 Sept.
1222 4175 1332 4238 84:
1390 4166 1512 4239 διὰ
1554 4168 1781 4240 πέδον
1819 4170 1973 4255 βοὰ
2015 4174 2360 4240 ποτᾶται.
2435 4172 2668 4260 Suppl.
