3134 4842
2550 131 2628 244 31'

415 353 632 416 minus
698 350 1039 437 poeticum
1108 372 1302 434 quam
1357 371 1564 412 aream
1611 346 1891 413 vibrare?
1978 346 2324 412 Probabile
2368 347 2571 433 igitur
2618 360 2726 411 est

412 454 543 518 huc
587 450 1004 516 referendam
1053 473 1195 513 esse
1244 448 1565 535 Hesychii
1612 449 1926 536 glossam:
1973 442 2200 524 ἅλως·
2247 442 2288 535 ἡ
2336 449 2473 515 τοῦ
2502 442 2717 536 ἡλίου

381 631 385 635 ,
422 549 466 643 ἢ
512 547 814 641 σελήνης
854 550 1311 644 περιφέρεια.
1385 545 1766 636 Αἰσχύλος
1797 549 2226 648 περιφέρεια
2257 550 2382 635 τῆς
2410 542 2723 626 άοπίδος

419 650 542 722 καὶ
611 647 900 728 κύκλος.
1009 654 1308 738 Apparet
1374 651 1682 737 clypeum
1749 674 1897 715 cum
1966 651 2104 715 sole
2162 650 2527 737 comparari
2581 673 2718 713 non

423 756 623 820 modo
658 755 740 818 ob
770 752 1264 829 rotunditatem,
1291 751 1406 815 sed
1433 752 1631 815 etiam
1658 753 1740 816 ob
1767 750 2127 837 fulgorem3
2160 764 2391 814 notum
2418 763 2518 815 est
2538 763 2718 814 vete-

424 880 528 921 res
573 868 803 942 poetas
839 854 910 917 in
942 852 1191 939 clypeis
1225 851 1675 916 describendis
1707 853 2093 938 praesertim
2127 852 2456 938 fulgorem
2490 874 2718 914 eorum

426 978 939 1022 commemorare
1008 966 1075 1017 et
1130 954 1396 1016 laudare
1443 952 1673 1016 solitos
1729 976 1892 1017 esse.
1975 953 2145 1018 Vide
2181 953 2504 1039 exempla,
2552 975 2716 1038 quae

429 1057 668 1123 Schiitz
715 1055 796 1118 ad
839 1055 1017 1119 hunc
1060 1055 1281 1117 locum
1335 1053 1624 1139 collegit.
1668 1092 1754 1101 —-
1797 1056 1925 1140 Ag.
1971 1055 2092 1119 288
2122 1054 2316 1140 igniS,
2353 1053 2465 1139 qui
2497 1053 2578 1116 ad
2611 1076 2727 1115 ex—

429 1157 675 1222 cidium
699 1156 936 1241 Trojae
962 1154 1401 1218 nuntiandum
1427 1154 1830 1233 accenditur,
1853 1167 1928 1232 ut
1952 1155 2051 1219 sol
2075 1155 2423 1241 splendere
2450 1154 2724 1218 dicitur:

732 1300 935 1394 ἰσχὺς
984 1305 1363 1397 πορευτοῦ
1413 1299 1807 1390 λαμπάδος
1856 1299 2045 1395 πρὸς
2097 1299 2370 1393 ἡδονὴν

727 1402 996 1494 πεύκης
1047 1399 1132 1472 τὸ
1178 1400 1719 1500 χρυσοφεγγές,
1777 1400 1892 1471 ὥσ
1941 1426 2047 1481 τις
2096 1400 2326 1494 ἥλιος,

732 1508 945 1584 σέλας
995 1500 1566 1598 παρηγγάρευσε
1620 1506 2008 1573 Μακίστου
2062 1508 2339 1595 σκοπῷ.

425 1660 597 1724 Item
642 1660 816 1745 ignis
861 1659 973 1721 ille
1019 1657 1290 1722 nuntius
1335 1658 1528 1721 lunae
1574 1658 1781 1722 instar
1825 1682 2126 1745 campum
2172 1658 2533 1722 transsilire
2566 1658 2730 1722 dici-

426 1776 535 1823 tur
612 1764 739 1847 Ag.
819 1761 971 1823 297:
1045 1756 1366 1843 λαμπὰς,
1453 1753 1993 1847 ὑπερθοροῦσα
2054 1755 2306 1825 πεδίον
2371 1751 2730 1825 Ἀσωποῦ

430 1856 635 1949 δίκην
687 1855 1013 1952 φαιδρᾶς
1066 1852 1388 1948 σελήνης.

596 1965 624 2046 ξ
671 1964 729 2026 3.
816 1962 926 2025 Ab
990 1961 1183 2024 imbre
1241 1973 1308 2025 et
1360 1961 1622 2024 nubibus
1666 1960 1781 2024 has
1827 1961 2147 2047 imagines
2194 1961 2432 2047 petitas
2477 1960 2731 2024 inveni.

427 2065 555 2150 Ag.
627 2064 821 2127 1533:
889 2056 1183 2127 δέδοικα
1257 2056 1305 2126 δ
1318 2053 1647 2152 ’ὄμβρου
1720 2056 2001 2128 κτύπον
2074 2057 2531 2155 δομοσφαλῆ
2596 2055 2730 2127 τὸν

428 2157 869 2255 αἱματηρόν·
925 2156 1169 2250 ψακὰς
1220 2157 1298 2227 δὲ
1347 2156 1580 2250 λήγει.
1671 2162 1925 2227 Chorus
1994 2186 2195 2227 novas
2252 2162 2505 2241 caedeS‚
2566 2186 2729 2247 quas

427 2265 696 2328 caedem
793 2263 1317 2350 Agamemnonis
1416 2277 1752 2328 secuturas
1851 2287 1994 2327 esse
2095 2264 2480 2350 suspicatur,
2574 2287 2723 2327 cum

428 2365 654 2451 pluvia
718 2365 1078 2451 sanguinea
1143 2379 1508 2450 comparat;
1575 2364 1739 2428 haec
1806 2365 2047 2451 pluvia,
2112 2365 2347 2450 inquit,
2406 2387 2540 2428 non
2593 2364 2725 2427 iam

433 2464 737 2548 guttatim
799 2465 1060 2541 labitur,
1127 2464 1245 2527 sed
1307 2464 1536 2527 imbris
1604 2465 1802 2528 modo
1858 2465 2289 2529 vehementer
2343 2464 2728 2528 effunditur.

436 2562 594 2641 Quis
639 2587 772 2627 non
819 2566 1019 2630 sentit
1060 2565 1153 2629 ita
1200 2579 1265 2627 et
1295 2564 1791 2628 multitudinem
1824 2580 1890 2630 et
1919 2567 2303 2652 gravitatem
2334 2565 2723 2629 instantium

433 2663 754 2727 malorum
820 2663 1149 2731 describi?
1252 2665 1367 2729 Cfr
1431 2664 1633 2752 Soph.
1702 2666 1777 2729 O.
1844 2667 1919 2730 R.
1989 2668 2181 2730 1278:
2250 2661 2450 2752 ὁμοῦ
2496 2665 2727 2751 μέλας

434 2759 727 2852 ὄμβρος
777 2762 1102 2852 χαλάζης
1163 2760 1504 2851 αἱμάτων
1567 2761 1931 2855 ε’τέγγετο.
1997 2806 2081 2815 -
2157 2767 2455 2853 Imagine
2525 2766 2724 2830 etiam

431 2866 623 2931 nobis
689 2866 996 2931 familiari
1058 2867 1383 2946 homines,
1452 2891 1726 2953 quorum
1785 2868 2005 2932 vultus
2048 2868 2382 2932 tristitiam
2430 2881 2496 2931 et
2539 2891 2729 2932 curas

428 2965 586 3053 prae
664 2991 733 3031 se
819 2968 1062 3049 ferunt,
1147 2969 1323 3053 quod
1401 2968 1623 3032 fronte
1698 2970 2145 3033 contrahenda
2220 2968 2365 3032 fieri
2449 2981 2730 3044 constat,

430 3069 673 3132 nubem
738 3068 808 3132 in
873 3070 1093 3133 fronte
1156 3068 1401 3133 habere
1469 3070 1805 3147 dicuntur;
1873 3084 2101 3135 contra
2164 3069 2384 3133 vultus
2449 3068 2607 3132 laeti
2658 3081 2733 3132 et

430 3168 671 3254 placidi
716 3193 866 3233 cum
912 3193 1147 3233 sereno
1194 3169 1381 3234 coelo
1430 3169 1881 3234 conferuntur.
1973 3172 2150 3258 Sept.
2196 3172 2351 3234 228:
2404 3162 2727 3236 πολλάκι

431 3263 479 3333 δ
491 3260 593 3334 ’ἐν
661 3275 948 3336 κακοῖσι
1014 3265 1149 3336 τὸν
1199 3263 1588 3358 ἀμήχανον
1636 3264 1775 3362 >cdx
1816 3269 2151 3358 χαλεπᾶς
2202 3265 2381 3347 δυάς
2432 3262 2724 3361 ὕπερθ’

430 3360 802 3456 ὀμμάτων
850 3373 1372 3458 κρημναμενᾶν
1422 3370 1745 3466 νεφελᾶν
1798 3365 2055 3462 ὀρθοῖ.
2147 3372 2463 3436 Similiter
2505 3373 2727 3435 Prom.

433 3471 582 3534 145:
646 3465 956 3587 φοβερὰ
1021 3467 1069 3537 δ
1081 3464 1390 3554 ’ἐμοῖσιν
1430 3469 1695 3549 ,ὄσσοις
1747 3467 2020 3559 ὁμιχλα
2071 3473 2395 3564 προσῇξε
2445 3465 2728 3562 πλήρης

431 3564 799 3658 δακρυων.
915 3572 1148 3650 Dolor,
1215 3596 1344 3657 quo
1413 3588 1716 3660 aspectus
1784 3573 2163 3638 Promethei
2228 3574 2309 3637 ad
2376 3574 2723 3660 scopulum

433 3670 619 3734 affixi
678 3672 846 3737 filias
908 3673 1156 3737 Oceani
1223 3672 1446 3751 afficit,
1516 3663 1725 3738 oculis
1794 3698 2016 3739 earum
2086 3687 2418 3760 tamquam
2475 3676 2726 3739 nubem

436 3769 734 3848 obducit;
795 3772 961 3837 haec
1027 3775 1235 3838 nubes
1280 3773 1563 3837 lacrimis
1611 3776 1825 3860 gravis
1874 3789 1991 3854 est,
2037 3788 2112 3839 ut
2154 3798 2309 3838 vera
2353 3776 2560 3839 nubes
2604 3774 2725 3837 im-

432 3869 568 3933 bre.
698 3873 946 3951 Confer
1018 3872 1524 3961 pulcherrimam
1603 3875 1960 3962 imaginem
2055 3875 2255 3962 Soph.
2332 3879 2492 3939 Ant.
2570 3875 2725 3938 528:
2815 3935 2826 3948 ,

431 3968 705 4063 νεφέλη
737 3966 807 4038 δ’
813 3967 1136 4068 ὀφρύων
1166 3967 1348 4063 ὕπερ
1376 3970 1732 4060 αἱματόεν
1756 3973 1990 4068 ῥέθος
2011 3971 2356 4064 αἰσχύνει,
2384 3966 2723 4063 τέγγουσ’

432 4063 693 4138 εὐῶπα
764 4070 1099 4162 παρειάν.
1207 4076 1364 4139 Eur.
1431 4076 1634 4163 Hipp.
1705 4080 1855 4143 173:
1926 4071 2244 4166 στυγνὸν
2313 4073 2358 4143 δ
2373 4068 2725 4169 ’ὀφρύων

431 4171 661 4267 νέφος
712 4167 1126 4254 αὐξάνεται.
1215 4176 1443 4244 Horat.
1489 4177 1701 4263 Epist.
1751 4181 1806 4256 1,
1855 4181 1953 4257 18,
1985 4181 2094 4244 94:
2142 4180 2331 4242 deme
2364 4177 2725 4263 supercilio
