<?xml version="1.0" encoding="UTF-8"?>
<!DOCTYPE html PUBLIC "-//W3C//DTD XHTML 1.0 Transitional//EN"
    "http://www.w3.org/TR/xhtml1/DTD/xhtml1-transitional.dtd">
<html xmlns="http://www.w3.org/1999/xhtml" xml:lang="en" lang="en">
 <head>
  <title>
</title>
<meta http-equiv="Content-Type" content="text/html;charset=utf-8" />
  <meta name='ocr-system' content='tesseract 3.04.00' />
  <meta name='ocr-capabilities' content='ocr_page ocr_carea ocr_par ocr_line ocrx_word'/>
</head>
<body>
  <div class='ocr_page' id='page_1' title='image "./deimaginibusaes00dahlgoog_0078.png"; bbox 0 0 3134 4842; ppageno 0'>
   <div class='ocr_carea' id='block_1_1' title="bbox 498 218 576 281">
    <p class='ocr_par' dir='ltr' id='par_1_1' title="bbox 498 218 576 281">
     <span class='ocr_line' id='line_1_1' title="bbox 498 218 576 281; baseline -0.013 0"><span class='ocrx_word' id='word_1_1' title='bbox 498 218 576 281; x_wconf 78' lang='lat'><strong>72</strong></span> 
     </span>
    </p>
   </div>
   <div class='ocr_carea' id='block_1_2' title="bbox 407 374 2784 2882">
    <p class='ocr_par' dir='ltr' id='par_1_2' title="bbox 407 374 2784 2882">
     <span class='ocr_line' id='line_1_2' title="bbox 413 374 2698 468; baseline -0.002 -19"><span class='ocrx_word' id='word_1_2' title='bbox 413 382 661 449; x_wconf 85' lang='lat' dir='ltr'><strong>Similis</strong></span> <span class='ocrx_word' id='word_1_3' title='bbox 706 381 1046 449; x_wconf 74' lang='lat' dir='ltr'><strong>translatio</strong></span> <span class='ocrx_word' id='word_1_4' title='bbox 1092 381 1163 445; x_wconf 88' lang='lat' dir='ltr'><strong>in</strong></span> <span class='ocrx_word' id='word_1_5' title='bbox 1209 382 1535 465; x_wconf 88' lang='lat' dir='ltr'><strong>adjectivo</strong></span> <span class='ocrx_word' id='word_1_6' title='bbox 1585 374 2021 468; x_wconf 76' lang='grc' dir='ltr'><em>ὑπόπτερος,</em></span> <span class='ocrx_word' id='word_1_7' title='bbox 2069 380 2247 464; x_wconf 94' lang='lat' dir='ltr'><strong>quod</strong></span> <span class='ocrx_word' id='word_1_8' title='bbox 2288 380 2552 466; x_wconf 86' lang='lat' dir='ltr'><strong>proprie</strong></span> <span class='ocrx_word' id='word_1_9' title='bbox 2596 393 2698 445; x_wconf 87' lang='lat' dir='ltr'><strong>est</strong></span> 
     </span>
     <span class='ocr_line' id='line_1_3' title="bbox 407 474 2699 575; baseline -0.002 -25"><span class='ocrx_word' id='word_1_10' title='bbox 407 487 629 575; x_wconf 77' lang='lat' dir='ltr'><strong>pennis</strong></span> <span class='ocrx_word' id='word_1_11' title='bbox 672 486 1021 556; x_wconf 75' lang='lat' dir='ltr'><strong>instructus,</strong></span> <span class='ocrx_word' id='word_1_12' title='bbox 1063 483 1280 546; x_wconf 87' lang='lat' dir='ltr'><strong>inesse</strong></span> <span class='ocrx_word' id='word_1_13' title='bbox 1325 482 1605 546; x_wconf 86' lang='lat' dir='ltr'><strong>videtur.</strong></span> <span class='ocrx_word' id='word_1_14' title='bbox 1695 481 1991 567; x_wconf 87' lang='lat' dir='ltr'><strong>Choeph.</strong></span> <span class='ocrx_word' id='word_1_15' title='bbox 2049 482 2201 545; x_wconf 87' lang='lat'>603:</span> <span class='ocrx_word' id='word_1_16' title='bbox 2263 479 2443 546; x_wconf 83' lang='grc' dir='ltr'><em>ἴστω</em></span> <span class='ocrx_word' id='word_1_17' title='bbox 2498 474 2699 556; x_wconf 77' lang='grc' dir='ltr'><em>ὅστις</em></span> 
     </span>
     <span class='ocr_line' id='line_1_4' title="bbox 411 578 2697 676; baseline -0.003 -25"><span class='ocrx_word' id='word_1_18' title='bbox 411 578 552 670; x_wconf 80' lang='grc' dir='ltr'><strong>οὐχ</strong></span> <span class='ocrx_word' id='word_1_19' title='bbox 627 578 1046 670; x_wconf 75' lang='grc' dir='ltr'><em>ὑπόπτερος</em></span> <span class='ocrx_word' id='word_1_20' title='bbox 1120 581 1531 676; x_wconf 80' lang='grc' dir='ltr'><em>φροντίσιν.</em></span> <span class='ocrx_word' id='word_1_21' title='bbox 1652 582 1876 668; x_wconf 87' lang='lat' dir='ltr'>Vulgo</span> <span class='ocrx_word' id='word_1_22' title='bbox 1953 582 2348 667; x_wconf 80' lang='lat' dir='ltr'>interpretes</span> <span class='ocrx_word' id='word_1_23' title='bbox 2431 581 2697 645; x_wconf 84' lang='lat' dir='ltr'><strong>adnota-</strong></span> 
     </span>
     <span class='ocr_line' id='line_1_5' title="bbox 410 674 2699 776; baseline -0.001 -27"><span class='ocrx_word' id='word_1_24' title='bbox 410 686 666 749; x_wconf 84' lang='lat' dir='ltr'>tionem</span> <span class='ocrx_word' id='word_1_25' title='bbox 711 686 781 748; x_wconf 88' lang='lat' dir='ltr'><strong>in</strong></span> <span class='ocrx_word' id='word_1_26' title='bbox 826 684 989 748; x_wconf 85' lang='lat' dir='ltr'><strong>Cod.</strong></span> <span class='ocrx_word' id='word_1_27' title='bbox 1037 684 1212 747; x_wconf 90' lang='lat' dir='ltr'><strong>Med.</strong></span> <span class='ocrx_word' id='word_1_28' title='bbox 1259 677 1302 748; x_wconf 85' lang='grc' dir='ltr'>ὁ</span> <span class='ocrx_word' id='word_1_29' title='bbox 1343 677 1449 769; x_wconf 77' lang='grc' dir='ltr'><strong>μὴ</strong></span> <span class='ocrx_word' id='word_1_30' title='bbox 1492 683 1807 776; x_wconf 82' lang='grc' dir='ltr'><em>κοῦφος,</em></span> <span class='ocrx_word' id='word_1_31' title='bbox 1852 675 2034 748; x_wconf 70' lang='grc' dir='ltr'><strong>ἀλλ’</strong></span> <span class='ocrx_word' id='word_1_32' title='bbox 2061 674 2380 767; x_wconf 72' lang='grc' dir='ltr'><em>ἀληθοῦς</em></span> <span class='ocrx_word' id='word_1_33' title='bbox 2414 678 2699 765; x_wconf 72' lang='grc' dir='ltr'><em>μαθεῖν</em></span> 
     </span>
     <span class='ocr_line' id='line_1_6' title="bbox 414 783 2695 869; baseline -0.003 -17"><span class='ocrx_word' id='word_1_34' title='bbox 414 783 670 852; x_wconf 75' lang='grc' dir='ltr'><em>θέλων</em></span> <span class='ocrx_word' id='word_1_35' title='bbox 713 785 924 849; x_wconf 87' lang='lat' dir='ltr'><strong>secuti</strong></span> <span class='ocrx_word' id='word_1_36' title='bbox 966 785 1035 848; x_wconf 92' lang='lat' dir='ltr'><strong>id</strong></span> <span class='ocrx_word' id='word_1_37' title='bbox 1068 784 1147 847; x_wconf 91' lang='lat' dir='ltr'><strong>de</strong></span> <span class='ocrx_word' id='word_1_38' title='bbox 1193 784 1459 848; x_wconf 86' lang='lat' dir='ltr'><strong>levitate</strong></span> <span class='ocrx_word' id='word_1_39' title='bbox 1492 797 1560 848; x_wconf 90' lang='lat' dir='ltr'><strong>et</strong></span> <span class='ocrx_word' id='word_1_40' title='bbox 1588 784 2031 847; x_wconf 75' lang='lat' dir='ltr'><strong>inconstantia</strong></span> <span class='ocrx_word' id='word_1_41' title='bbox 2062 783 2264 846; x_wconf 88' lang='lat' dir='ltr'><strong>animi</strong></span> <span class='ocrx_word' id='word_1_42' title='bbox 2292 783 2695 869; x_wconf 82' lang='lat' dir='ltr'><strong>intelligunt.</strong></span> 
     </span>
     <span class='ocr_line' id='line_1_7' title="bbox 411 885 2696 970; baseline -0.002 -20"><span class='ocrx_word' id='word_1_43' title='bbox 411 887 629 950; x_wconf 84' lang='lat' dir='ltr'><strong>Aliter</strong></span> <span class='ocrx_word' id='word_1_44' title='bbox 694 885 892 962; x_wconf 91' lang='lat' dir='ltr'><strong>Weil,</strong></span> <span class='ocrx_word' id='word_1_45' title='bbox 959 885 1072 969; x_wconf 92' lang='lat' dir='ltr'><strong>qui</strong></span> <span class='ocrx_word' id='word_1_46' title='bbox 1135 885 1364 948; x_wconf 89' lang='lat' dir='ltr'><strong>vertit:</strong></span> <span class='ocrx_word' id='word_1_47' title='bbox 1432 888 1779 968; x_wconf 81' lang='lat' dir='ltr'><strong>quicunque</strong></span> <span class='ocrx_word' id='word_1_48' title='bbox 1842 908 1962 948; x_wconf 77' lang='lat' dir='ltr'><strong>non</strong></span> <span class='ocrx_word' id='word_1_49' title='bbox 2027 895 2257 946; x_wconf 77' lang='lat' dir='ltr'><strong>tenetur</strong></span> <span class='ocrx_word' id='word_1_50' title='bbox 2307 887 2696 970; x_wconf 75' lang='lat' dir='ltr'><strong>feminarum</strong></span> 
     </span>
     <span class='ocr_line' id='line_1_8' title="bbox 410 984 2699 1068; baseline 0 -20"><span class='ocrx_word' id='word_1_51' title='bbox 410 1011 635 1051; x_wconf 78' lang='lat' dir='ltr'><strong>amore.</strong></span> <span class='ocrx_word' id='word_1_52' title='bbox 736 986 975 1050; x_wconf 87' lang='lat' dir='ltr'><strong>Utrum</strong></span> <span class='ocrx_word' id='word_1_53' title='bbox 1031 985 1249 1048; x_wconf 88' lang='lat' dir='ltr'><strong>verius</strong></span> <span class='ocrx_word' id='word_1_54' title='bbox 1308 985 1410 1062; x_wconf 89' lang='lat' dir='ltr'><strong>sit,</strong></span> <span class='ocrx_word' id='word_1_55' title='bbox 1457 984 1731 1048; x_wconf 88' lang='lat' dir='ltr'><strong>difficile</strong></span> <span class='ocrx_word' id='word_1_56' title='bbox 1778 997 1879 1048; x_wconf 90' lang='lat' dir='ltr'><strong>est</strong></span> <span class='ocrx_word' id='word_1_57' title='bbox 1923 984 2308 1067; x_wconf 87' lang='lat' dir='ltr'><strong>dijudicatu,</strong></span> <span class='ocrx_word' id='word_1_58' title='bbox 2356 1007 2556 1068; x_wconf 91' lang='lat' dir='ltr'><strong>quum</strong></span> <span class='ocrx_word' id='word_1_59' title='bbox 2600 997 2699 1048; x_wconf 87' lang='lat' dir='ltr'><strong>to-</strong></span> 
     </span>
     <span class='ocr_line' id='line_1_9' title="bbox 409 1084 2696 1171; baseline -0.001 -20"><span class='ocrx_word' id='word_1_60' title='bbox 409 1102 516 1152; x_wconf 89' lang='lat' dir='ltr'><strong>tus</strong></span> <span class='ocrx_word' id='word_1_61' title='bbox 582 1088 765 1151; x_wconf 91' lang='lat' dir='ltr'><strong>locus</strong></span> <span class='ocrx_word' id='word_1_62' title='bbox 824 1086 1118 1150; x_wconf 90' lang='lat' dir='ltr'><strong>nondum</strong></span> <span class='ocrx_word' id='word_1_63' title='bbox 1175 1087 1260 1149; x_wconf 90' lang='lat' dir='ltr'><strong>sit</strong></span> <span class='ocrx_word' id='word_1_64' title='bbox 1304 1098 1587 1149; x_wconf 86' lang='lat' dir='ltr'><strong>sanatus.</strong></span> <span class='ocrx_word' id='word_1_65' title='bbox 1630 1125 1715 1134; x_wconf 93' lang='lat'><strong>--</strong></span> <span class='ocrx_word' id='word_1_66' title='bbox 1757 1084 2160 1171; x_wconf 86' lang='lat' dir='ltr'><strong>Longiorem</strong></span> <span class='ocrx_word' id='word_1_67' title='bbox 2206 1085 2696 1170; x_wconf 78' lang='lat' dir='ltr'><strong>expositionem</strong></span> 
     </span>
     <span class='ocr_line' id='line_1_10' title="bbox 410 1181 2699 1274; baseline -0.001 -23"><span class='ocrx_word' id='word_1_68' title='bbox 410 1188 687 1272; x_wconf 83' lang='lat' dir='ltr'><strong>requirit</strong></span> <span class='ocrx_word' id='word_1_69' title='bbox 749 1181 1193 1274; x_wconf 79' lang='grc' dir='ltr'><em>ὁμόπτερος,</em></span> <span class='ocrx_word' id='word_1_70' title='bbox 1246 1210 1382 1249; x_wconf 82' lang='lat' dir='ltr'><strong>vox</strong></span> <span class='ocrx_word' id='word_1_71' title='bbox 1426 1185 1837 1263; x_wconf 89' lang='lat' dir='ltr'><strong>difficillima,</strong></span> <span class='ocrx_word' id='word_1_72' title='bbox 1885 1208 2047 1270; x_wconf 90' lang='lat' dir='ltr'><strong>quae</strong></span> <span class='ocrx_word' id='word_1_73' title='bbox 2094 1185 2488 1271; x_wconf 87' lang='lat' dir='ltr'><strong>interpretes</strong></span> <span class='ocrx_word' id='word_1_74' title='bbox 2535 1185 2699 1248; x_wconf 89' lang='lat' dir='ltr'><strong>mul-</strong></span> 
     </span>
     <span class='ocr_line' id='line_1_11' title="bbox 410 1276 2696 1370; baseline -0.002 -17"><span class='ocrx_word' id='word_1_75' title='bbox 410 1303 548 1353; x_wconf 89' lang='lat' dir='ltr'><strong>tum</strong></span> <span class='ocrx_word' id='word_1_76' title='bbox 606 1288 892 1352; x_wconf 84' lang='lat' dir='ltr'><strong>vexavit.</strong></span> <span class='ocrx_word' id='word_1_77' title='bbox 990 1287 1205 1365; x_wconf 82' lang='lat' dir='ltr'><strong>Quum</strong></span> <span class='ocrx_word' id='word_1_78' title='bbox 1251 1276 1529 1350; x_wconf 78' lang='lat' dir='ltr'><strong>multum</strong></span> <span class='ocrx_word' id='word_1_79' title='bbox 1578 1287 1931 1363; x_wconf 88' lang='lat' dir='ltr'><strong>dubitetur,</strong></span> <span class='ocrx_word' id='word_1_80' title='bbox 1978 1286 2311 1370; x_wconf 90' lang='lat' dir='ltr'><strong>quomodo</strong></span> <span class='ocrx_word' id='word_1_81' title='bbox 2358 1285 2519 1349; x_wconf 91' lang='lat' dir='ltr'><strong>haec</strong></span> <span class='ocrx_word' id='word_1_82' title='bbox 2561 1308 2696 1349; x_wconf 85' lang='lat' dir='ltr'><strong>vox</strong></span> 
     </span>
     <span class='ocr_line' id='line_1_12' title="bbox 409 1386 2695 1473; baseline -0.001 -22"><span class='ocrx_word' id='word_1_83' title='bbox 409 1388 492 1452; x_wconf 89' lang='lat' dir='ltr'><strong>iis</strong></span> <span class='ocrx_word' id='word_1_84' title='bbox 537 1390 747 1454; x_wconf 90' lang='lat' dir='ltr'><strong>tribus</strong></span> <span class='ocrx_word' id='word_1_85' title='bbox 777 1389 961 1464; x_wconf 74' lang='lat' dir='ltr'><strong>lociS,</strong></span> <span class='ocrx_word' id='word_1_86' title='bbox 993 1388 1108 1453; x_wconf 91' lang='lat' dir='ltr'><strong>ubi</strong></span> <span class='ocrx_word' id='word_1_87' title='bbox 1140 1388 1314 1473; x_wconf 90' lang='lat' dir='ltr'><strong>apud</strong></span> <span class='ocrx_word' id='word_1_88' title='bbox 1342 1386 1750 1471; x_wconf 83' lang='lat' dir='ltr'><strong>Aeschylum</strong></span> <span class='ocrx_word' id='word_1_89' title='bbox 1781 1387 2137 1464; x_wconf 88' lang='lat' dir='ltr'><strong>invenitur,</strong></span> <span class='ocrx_word' id='word_1_90' title='bbox 2170 1386 2256 1450; x_wconf 89' lang='lat' dir='ltr'><strong>sit</strong></span> <span class='ocrx_word' id='word_1_91' title='bbox 2285 1386 2695 1473; x_wconf 85' lang='lat' dir='ltr'><strong>explicanda,</strong></span> 
     </span>
     <span class='ocr_line' id='line_1_13' title="bbox 410 1473 2695 1576; baseline -0.001 -24"><span class='ocrx_word' id='word_1_92' title='bbox 410 1490 483 1553; x_wconf 90' lang='lat' dir='ltr'><strong>id</strong></span> <span class='ocrx_word' id='word_1_93' title='bbox 541 1504 763 1553; x_wconf 88' lang='lat' dir='ltr'><strong>tamen</strong></span> <span class='ocrx_word' id='word_1_94' title='bbox 827 1513 948 1576; x_wconf 94' lang='lat' dir='ltr'><strong>pro</strong></span> <span class='ocrx_word' id='word_1_95' title='bbox 1005 1501 1185 1552; x_wconf 88' lang='lat' dir='ltr'><strong>certo</strong></span> <span class='ocrx_word' id='word_1_96' title='bbox 1241 1500 1497 1551; x_wconf 88' lang='lat' dir='ltr'><strong>constat</strong></span> <span class='ocrx_word' id='word_1_97' title='bbox 1540 1511 1685 1551; x_wconf 88' lang='lat' dir='ltr'><strong>eam</strong></span> <span class='ocrx_word' id='word_1_98' title='bbox 1732 1488 1809 1551; x_wconf 91' lang='lat' dir='ltr'><strong>ab</strong></span> <span class='ocrx_word' id='word_1_99' title='bbox 1857 1488 2083 1551; x_wconf 87' lang='lat' dir='ltr'><strong>avibus</strong></span> <span class='ocrx_word' id='word_1_100' title='bbox 2128 1473 2504 1551; x_wconf 81' lang='lat' dir='ltr'><strong>translatam</strong></span> <span class='ocrx_word' id='word_1_101' title='bbox 2552 1510 2695 1550; x_wconf 89' lang='lat' dir='ltr'><strong>esse</strong></span> 
     </span>
     <span class='ocr_line' id='line_1_14' title="bbox 410 1587 2695 1676; baseline -0.001 -23"><span class='ocrx_word' id='word_1_102' title='bbox 410 1603 480 1654; x_wconf 90' lang='lat' dir='ltr'><strong>et</strong></span> <span class='ocrx_word' id='word_1_103' title='bbox 523 1591 787 1676; x_wconf 90' lang='lat' dir='ltr'><strong>proprie</strong></span> <span class='ocrx_word' id='word_1_104' title='bbox 832 1590 1057 1654; x_wconf 72' lang='lat' dir='ltr'><strong>similes</strong></span> <span class='ocrx_word' id='word_1_105' title='bbox 1093 1612 1333 1674; x_wconf 77' lang='lat' dir='ltr'><strong>pennas</strong></span> <span class='ocrx_word' id='word_1_106' title='bbox 1359 1590 1582 1652; x_wconf 75' lang='lat' dir='ltr'><strong>habens</strong></span> <span class='ocrx_word' id='word_1_107' title='bbox 1611 1587 2003 1674; x_wconf 88' lang='lat' dir='ltr'><strong>significare.</strong></span> <span class='ocrx_word' id='word_1_108' title='bbox 2079 1587 2293 1665; x_wconf 82' lang='lat' dir='ltr'><strong>Quum</strong></span> <span class='ocrx_word' id='word_1_109' title='bbox 2326 1610 2499 1665; x_wconf 87' lang='lat' dir='ltr'><strong>aves,</strong></span> <span class='ocrx_word' id='word_1_110' title='bbox 2532 1610 2695 1672; x_wconf 87' lang='lat' dir='ltr'><strong>quae</strong></span> 
     </span>
     <span class='ocr_line' id='line_1_15' title="bbox 412 1688 2699 1776; baseline -0.002 -22"><span class='ocrx_word' id='word_1_111' title='bbox 412 1714 662 1776; x_wconf 90' lang='lat' dir='ltr'><strong>pennas</strong></span> <span class='ocrx_word' id='word_1_112' title='bbox 719 1692 827 1754; x_wconf 86' lang='lat' dir='ltr'><strong>vel</strong></span> <span class='ocrx_word' id='word_1_113' title='bbox 881 1690 1096 1754; x_wconf 87' lang='lat' dir='ltr'><strong>forma</strong></span> <span class='ocrx_word' id='word_1_114' title='bbox 1137 1690 1245 1753; x_wconf 88' lang='lat' dir='ltr'><strong>vel</strong></span> <span class='ocrx_word' id='word_1_115' title='bbox 1290 1689 1508 1767; x_wconf 86' lang='lat' dir='ltr'><strong>colore</strong></span> <span class='ocrx_word' id='word_1_116' title='bbox 1557 1689 1804 1753; x_wconf 82' lang='lat' dir='ltr'><strong>similes</strong></span> <span class='ocrx_word' id='word_1_117' title='bbox 1850 1700 2174 1774; x_wconf 83' lang='lat' dir='ltr'><strong>gererent,</strong></span> <span class='ocrx_word' id='word_1_118' title='bbox 2238 1688 2536 1772; x_wconf 88' lang='lat' dir='ltr'><strong>ejusdem</strong></span> <span class='ocrx_word' id='word_1_119' title='bbox 2589 1711 2699 1774; x_wconf 89' lang='lat' dir='ltr'><strong>ge-</strong></span> 
     </span>
     <span class='ocr_line' id='line_1_16' title="bbox 411 1788 2696 1876; baseline -0.001 -22"><span class='ocrx_word' id='word_1_120' title='bbox 411 1792 591 1855; x_wconf 87' lang='lat' dir='ltr'><strong>neris</strong></span> <span class='ocrx_word' id='word_1_121' title='bbox 653 1792 762 1854; x_wconf 88' lang='lat' dir='ltr'><strong>vel</strong></span> <span class='ocrx_word' id='word_1_122' title='bbox 834 1804 1149 1876; x_wconf 83' lang='lat' dir='ltr'><strong>cognatae</strong></span> <span class='ocrx_word' id='word_1_123' title='bbox 1215 1790 1633 1866; x_wconf 87' lang='lat' dir='ltr'><strong>haberentur,</strong></span> <span class='ocrx_word' id='word_1_124' title='bbox 1697 1788 1944 1853; x_wconf 89' lang='lat' dir='ltr'><strong>factum</strong></span> <span class='ocrx_word' id='word_1_125' title='bbox 1991 1812 2132 1852; x_wconf 91' lang='lat' dir='ltr'><strong>esse</strong></span> <span class='ocrx_word' id='word_1_126' title='bbox 2180 1788 2399 1865; x_wconf 89' lang='lat' dir='ltr'><strong>cred0,</strong></span> <span class='ocrx_word' id='word_1_127' title='bbox 2441 1800 2520 1851; x_wconf 88' lang='lat' dir='ltr'><strong>ut</strong></span> <span class='ocrx_word' id='word_1_128' title='bbox 2561 1811 2696 1852; x_wconf 85' lang='lat' dir='ltr'><strong>vox</strong></span> 
     </span>
     <span class='ocr_line' id='line_1_17' title="bbox 410 1888 2699 1977; baseline -0.001 -23"><span class='ocrx_word' id='word_1_129' title='bbox 410 1892 559 1963; x_wconf 64' lang='lat' dir='ltr'><strong>illa,</strong></span> <span class='ocrx_word' id='word_1_130' title='bbox 594 1892 728 1967; x_wconf 84' lang='lat' dir='ltr'><strong>vim</strong></span> <span class='ocrx_word' id='word_1_131' title='bbox 787 1895 1028 1976; x_wconf 72' lang='lat' dir='ltr'><strong>coyuati</strong></span> <span class='ocrx_word' id='word_1_132' title='bbox 1072 1891 1418 1977; x_wconf 87' lang='lat' dir='ltr'><strong>acciperet.</strong></span> <span class='ocrx_word' id='word_1_133' title='bbox 1507 1890 1692 1954; x_wconf 88' lang='lat' dir='ltr'><strong>Haec</strong></span> <span class='ocrx_word' id='word_1_134' title='bbox 1735 1890 1834 1953; x_wconf 90' lang='lat' dir='ltr'><strong>vis</strong></span> <span class='ocrx_word' id='word_1_135' title='bbox 1881 1889 1951 1952; x_wconf 88' lang='lat' dir='ltr'><strong>in</strong></span> <span class='ocrx_word' id='word_1_136' title='bbox 1998 1890 2164 1953; x_wconf 88' lang='lat' dir='ltr'><strong>duos</strong></span> <span class='ocrx_word' id='word_1_137' title='bbox 2209 1888 2476 1952; x_wconf 90' lang='lat' dir='ltr'><strong>illorum</strong></span> <span class='ocrx_word' id='word_1_138' title='bbox 2520 1889 2699 1952; x_wconf 88' lang='lat' dir='ltr'><strong>loco-</strong></span> 
     </span>
     <span class='ocr_line' id='line_1_18' title="bbox 410 1981 2700 2079; baseline 0 -25"><span class='ocrx_word' id='word_1_139' title='bbox 410 1986 555 2056; x_wconf 84' lang='lat' dir='ltr'><strong>rum</strong></span> <span class='ocrx_word' id='word_1_140' title='bbox 604 1993 850 2078; x_wconf 89' lang='lat' dir='ltr'><strong>optime</strong></span> <span class='ocrx_word' id='word_1_141' title='bbox 899 1992 1189 2076; x_wconf 86' lang='lat' dir='ltr'><strong>quadrat.</strong></span> <span class='ocrx_word' id='word_1_142' title='bbox 1275 1990 1378 2053; x_wconf 88' lang='lat' dir='ltr'><strong>Ita</strong></span> <span class='ocrx_word' id='word_1_143' title='bbox 1423 1990 1649 2077; x_wconf 86' lang='lat' dir='ltr'><strong>Suppl.</strong></span> <span class='ocrx_word' id='word_1_144' title='bbox 1698 1992 1848 2053; x_wconf 80' lang='lat'>224:</span> <span class='ocrx_word' id='word_1_145' title='bbox 1896 1986 1971 2055; x_wconf 76' lang='grc' dir='ltr'><em>ἐν</em></span> <span class='ocrx_word' id='word_1_146' title='bbox 2006 1984 2216 2077; x_wconf 73' lang='grc' dir='ltr'><em>ἁγνῷ</em></span> <span class='ocrx_word' id='word_1_147' title='bbox 2251 1981 2564 2074; x_wconf 70' lang='grc' dir='ltr'><em>δ’ἑσμὸς</em></span> <span class='ocrx_word' id='word_1_148' title='bbox 2598 1984 2700 2079; x_wconf 69' lang='grc' dir='ltr'><strong>οὖς</strong></span> 
     </span>
     <span class='ocr_line' id='line_1_19' title="bbox 409 2083 2695 2185; baseline -0.002 -27"><span class='ocrx_word' id='word_1_149' title='bbox 409 2087 824 2159; x_wconf 74' lang='grc' dir='ltr'><em>πελειάδων</em></span> <span class='ocrx_word' id='word_1_150' title='bbox 875 2089 1125 2165; x_wconf 76' lang='grc' dir='ltr'><em>ἵζεσθε</em></span> <span class='ocrx_word' id='word_1_151' title='bbox 1174 2091 1448 2178; x_wconf 78' lang='grc' dir='ltr'><em>κίρκων</em></span> <span class='ocrx_word' id='word_1_152' title='bbox 1502 2093 1660 2157; x_wconf 68' lang='grc' dir='ltr'><em>ταῖν</em></span> <span class='ocrx_word' id='word_1_153' title='bbox 1712 2086 2158 2176; x_wconf 77' lang='grc' dir='ltr'><em>ὁμοπτέρων</em></span> <span class='ocrx_word' id='word_1_154' title='bbox 2212 2083 2442 2182; x_wconf 74' lang='grc' dir='ltr'><em>φόβῳ</em></span> <span class='ocrx_word' id='word_1_155' title='bbox 2474 2103 2695 2185; x_wconf 77' lang='lat' dir='ltr'><strong>aperte</strong></span> 
     </span>
     <span class='ocr_line' id='line_1_20' title="bbox 412 2189 2698 2278; baseline -0.002 -21"><span class='ocrx_word' id='word_1_156' title='bbox 412 2204 744 2278; x_wconf 88' lang='lat' dir='ltr'><strong>spectatur</strong></span> <span class='ocrx_word' id='word_1_157' title='bbox 788 2193 1117 2277; x_wconf 82' lang='lat' dir='ltr'><strong>cognatiO,</strong></span> <span class='ocrx_word' id='word_1_158' title='bbox 1166 2214 1328 2276; x_wconf 89' lang='lat' dir='ltr'><strong>quae</strong></span> <span class='ocrx_word' id='word_1_159' title='bbox 1374 2191 1527 2254; x_wconf 87' lang='lat' dir='ltr'><strong>filiis</strong></span> <span class='ocrx_word' id='word_1_160' title='bbox 1559 2191 1875 2277; x_wconf 83' lang='lat' dir='ltr'><strong>Aegypti,</strong></span> <span class='ocrx_word' id='word_1_161' title='bbox 1908 2191 2298 2275; x_wconf 84' lang='lat' dir='ltr'><strong>quibuscum</strong></span> <span class='ocrx_word' id='word_1_162' title='bbox 2327 2189 2435 2254; x_wconf 90' lang='lat' dir='ltr'><strong>hic</strong></span> <span class='ocrx_word' id='word_1_163' title='bbox 2464 2190 2698 2276; x_wconf 89' lang='lat' dir='ltr'><strong>accipi-</strong></span> 
     </span>
     <span class='ocr_line' id='line_1_21' title="bbox 411 2290 2696 2378; baseline -0.002 -21"><span class='ocrx_word' id='word_1_164' title='bbox 411 2307 542 2357; x_wconf 86' lang='lat' dir='ltr'><strong>tres</strong></span> <span class='ocrx_word' id='word_1_165' title='bbox 612 2306 1091 2378; x_wconf 87' lang='lat' dir='ltr'><strong>comparantur,</strong></span> <span class='ocrx_word' id='word_1_166' title='bbox 1147 2316 1296 2355; x_wconf 90' lang='lat' dir='ltr'><strong>cum</strong></span> <span class='ocrx_word' id='word_1_167' title='bbox 1340 2292 1747 2356; x_wconf 88' lang='lat' dir='ltr'><strong>Danaidibus</strong></span> <span class='ocrx_word' id='word_1_168' title='bbox 1795 2304 1951 2356; x_wconf 93' lang='lat' dir='ltr'><strong>erat.</strong></span> <span class='ocrx_word' id='word_1_169' title='bbox 2040 2290 2335 2377; x_wconf 86' lang='lat' dir='ltr'><strong>Choeph.</strong></span> <span class='ocrx_word' id='word_1_170' title='bbox 2383 2293 2505 2355; x_wconf 81' lang='lat'><strong>174</strong></span> <span class='ocrx_word' id='word_1_171' title='bbox 2547 2290 2696 2354; x_wconf 85' lang='lat' dir='ltr'><strong>Ele-</strong></span> 
     </span>
     <span class='ocr_line' id='line_1_22' title="bbox 412 2391 2695 2478; baseline -0.001 -21"><span class='ocrx_word' id='word_1_172' title='bbox 412 2407 550 2458; x_wconf 88' lang='lat' dir='ltr'><strong>ctra</strong></span> <span class='ocrx_word' id='word_1_173' title='bbox 616 2395 695 2457; x_wconf 91' lang='lat' dir='ltr'><strong>de</strong></span> <span class='ocrx_word' id='word_1_174' title='bbox 764 2394 1072 2458; x_wconf 89' lang='lat' dir='ltr'><strong>cincinno</strong></span> <span class='ocrx_word' id='word_1_175' title='bbox 1137 2393 1439 2477; x_wconf 89' lang='lat' dir='ltr'><strong>loquens,</strong></span> <span class='ocrx_word' id='word_1_176' title='bbox 1509 2416 1701 2477; x_wconf 89' lang='lat' dir='ltr'><strong>quem</strong></span> <span class='ocrx_word' id='word_1_177' title='bbox 1760 2393 1830 2455; x_wconf 92' lang='lat' dir='ltr'><strong>in</strong></span> <span class='ocrx_word' id='word_1_178' title='bbox 1874 2392 2129 2456; x_wconf 90' lang='lat' dir='ltr'><strong>tumulo</strong></span> <span class='ocrx_word' id='word_1_179' title='bbox 2174 2392 2375 2478; x_wconf 91' lang='lat' dir='ltr'><strong>patris</strong></span> <span class='ocrx_word' id='word_1_180' title='bbox 2421 2391 2695 2468; x_wconf 86' lang='lat' dir='ltr'><strong>invenit,</strong></span> 
     </span>
     <span class='ocr_line' id='line_1_23' title="bbox 413 2486 2697 2584; baseline -0.002 -26"><span class='ocrx_word' id='word_1_181' title='bbox 413 2495 599 2558; x_wconf 84' lang='lat' dir='ltr'><strong>dicit:</strong></span> <span class='ocrx_word' id='word_1_182' title='bbox 644 2490 767 2560; x_wconf 81' lang='grc' dir='ltr'><strong>καὶ</strong></span> <span class='ocrx_word' id='word_1_183' title='bbox 812 2488 964 2581; x_wconf 84' lang='grc' dir='ltr'><em>μὴν</em></span> <span class='ocrx_word' id='word_1_184' title='bbox 1008 2486 1138 2560; x_wconf 72' lang='grc' dir='ltr'><strong>ὅδ’</strong></span> <span class='ocrx_word' id='word_1_185' title='bbox 1168 2487 1318 2559; x_wconf 77' lang='grc' dir='ltr'><em>ἐστὶ</em></span> <span class='ocrx_word' id='word_1_186' title='bbox 1357 2486 1585 2584; x_wconf 69' lang='grc' dir='ltr'><em>κάρτ’</em></span> <span class='ocrx_word' id='word_1_187' title='bbox 1614 2489 1789 2559; x_wconf 77' lang='grc' dir='ltr'><em>ἰδεῖν</em></span> <span class='ocrx_word' id='word_1_188' title='bbox 1833 2487 2275 2579; x_wconf 77' lang='grc' dir='ltr'><em>ὁμόπτερος,</em></span> <span class='ocrx_word' id='word_1_189' title='bbox 2317 2492 2697 2556; x_wconf 86' lang='lat' dir='ltr'><strong>cincinnum</strong></span> 
     </span>
     <span class='ocr_line' id='line_1_24' title="bbox 409 2594 2697 2679; baseline -0 -22"><span class='ocrx_word' id='word_1_190' title='bbox 409 2596 599 2658; x_wconf 88' lang='lat' dir='ltr'><strong>illum</strong></span> <span class='ocrx_word' id='word_1_191' title='bbox 643 2596 940 2659; x_wconf 83' lang='lat' dir='ltr'><strong>indicans</strong></span> <span class='ocrx_word' id='word_1_192' title='bbox 987 2595 1276 2659; x_wconf 87' lang='lat' dir='ltr'><strong>crinibus</strong></span> <span class='ocrx_word' id='word_1_193' title='bbox 1323 2594 1458 2658; x_wconf 88' lang='lat' dir='ltr'><strong>suis</strong></span> <span class='ocrx_word' id='word_1_194' title='bbox 1504 2594 1913 2659; x_wconf 87' lang='lat' dir='ltr'><strong>simillimum</strong></span> <span class='ocrx_word' id='word_1_195' title='bbox 1962 2616 2104 2656; x_wconf 88' lang='lat' dir='ltr'><strong>esse</strong></span> <span class='ocrx_word' id='word_1_196' title='bbox 2143 2616 2353 2677; x_wconf 91' lang='lat' dir='ltr'><strong>eoque</strong></span> <span class='ocrx_word' id='word_1_197' title='bbox 2387 2616 2697 2679; x_wconf 89' lang='lat' dir='ltr'><strong>apparere</strong></span> 
     </span>
     <span class='ocr_line' id='line_1_25' title="bbox 413 2693 2696 2782; baseline -0.002 -23"><span class='ocrx_word' id='word_1_198' title='bbox 413 2719 562 2759; x_wconf 91' lang='lat' dir='ltr'><strong>eum</strong></span> <span class='ocrx_word' id='word_1_199' title='bbox 631 2719 668 2759; x_wconf 88' lang='lat' dir='ltr'><strong>a</strong></span> <span class='ocrx_word' id='word_1_200' title='bbox 722 2709 1005 2782; x_wconf 85' lang='lat' dir='ltr'><strong>cognato</strong></span> <span class='ocrx_word' id='word_1_201' title='bbox 1061 2695 1279 2780; x_wconf 91' lang='lat' dir='ltr'><strong>aliquo</strong></span> <span class='ocrx_word' id='word_1_202' title='bbox 1328 2695 1701 2780; x_wconf 87' lang='lat' dir='ltr'><strong>profectum</strong></span> <span class='ocrx_word' id='word_1_203' title='bbox 1758 2717 1922 2757; x_wconf 90' lang='lat' dir='ltr'><strong>esse.</strong></span> <span class='ocrx_word' id='word_1_204' title='bbox 2020 2694 2253 2777; x_wconf 88' lang='lat' dir='ltr'><strong>Neque</strong></span> <span class='ocrx_word' id='word_1_205' title='bbox 2298 2716 2455 2756; x_wconf 88' lang='lat' dir='ltr'><strong>vero</strong></span> <span class='ocrx_word' id='word_1_206' title='bbox 2500 2693 2696 2777; x_wconf 87' lang='lat' dir='ltr'><strong>hujus</strong></span> 
     </span>
     <span class='ocr_line' id='line_1_26' title="bbox 412 2793 2784 2882; baseline -0.002 -22"><span class='ocrx_word' id='word_1_207' title='bbox 412 2797 766 2882; x_wconf 86' lang='lat' dir='ltr'><strong>compositi</strong></span> <span class='ocrx_word' id='word_1_208' title='bbox 820 2797 1125 2861; x_wconf 88' lang='lat' dir='ltr'><strong>vocabuli</strong></span> <span class='ocrx_word' id='word_1_209' title='bbox 1170 2796 1605 2882; x_wconf 87' lang='lat' dir='ltr'><strong>posteriorem</strong></span> <span class='ocrx_word' id='word_1_210' title='bbox 1650 2807 1903 2881; x_wconf 89' lang='lat' dir='ltr'><strong>partem</strong></span> <span class='ocrx_word' id='word_1_211' title='bbox 1948 2795 2040 2857; x_wconf 89' lang='lat' dir='ltr'><strong>ita</strong></span> <span class='ocrx_word' id='word_1_212' title='bbox 2084 2817 2225 2857; x_wconf 90' lang='lat' dir='ltr'><strong>esse</strong></span> <span class='ocrx_word' id='word_1_213' title='bbox 2274 2793 2696 2879; x_wconf 90' lang='lat' dir='ltr'><strong>premendam</strong></span> <span class='ocrx_word' id='word_1_214' title='bbox 2769 2851 2784 2857; x_wconf 86' lang='lat'><strong>-</strong></span> 
     </span>
    </p>
   </div>
   <div class='ocr_carea' id='block_1_3' title="bbox 300 2895 2700 2983">
    <p class='ocr_par' dir='ltr' id='par_1_3' title="bbox 300 2895 2700 2983">
     <span class='ocr_line' id='line_1_27' title="bbox 300 2895 2700 2983; baseline -0.001 -24"><span class='ocrx_word' id='word_1_215' title='bbox 300 2980 301 2983; x_wconf 7' lang='grc' dir='ltr'><strong>Ἴ</strong></span> <span class='ocrx_word' id='word_1_216' title='bbox 410 2897 630 2974; x_wconf 91' lang='lat' dir='ltr'><strong>credo,</strong></span> <span class='ocrx_word' id='word_1_217' title='bbox 696 2910 771 2960; x_wconf 91' lang='lat' dir='ltr'><strong>ut</strong></span> <span class='ocrx_word' id='word_1_218' title='bbox 835 2897 1046 2960; x_wconf 89' lang='lat' dir='ltr'><strong>crines</strong></span> <span class='ocrx_word' id='word_1_219' title='bbox 1112 2896 1243 2982; x_wconf 90' lang='lat' dir='ltr'><strong>ipsi</strong></span> <span class='ocrx_word' id='word_1_220' title='bbox 1296 2919 1445 2959; x_wconf 90' lang='lat' dir='ltr'><strong>cum</strong></span> <span class='ocrx_word' id='word_1_221' title='bbox 1489 2895 1728 2982; x_wconf 91' lang='lat' dir='ltr'><strong>pennis</strong></span> <span class='ocrx_word' id='word_1_222' title='bbox 1775 2907 2252 2981; x_wconf 89' lang='lat' dir='ltr'><strong>comparentur,</strong></span> <span class='ocrx_word' id='word_1_223' title='bbox 2300 2917 2492 2978; x_wconf 90' lang='lat' dir='ltr'><strong>quam</strong></span> <span class='ocrx_word' id='word_1_224' title='bbox 2536 2918 2700 2957; x_wconf 94' lang='lat' dir='ltr'><strong>non-</strong></span> 
     </span>
    </p>
   </div>
   <div class='ocr_carea' id='block_1_4' title="bbox 407 2995 2703 4293">
    <p class='ocr_par' dir='ltr' id='par_1_4' title="bbox 407 2995 2703 4293">
     <span class='ocr_line' id='line_1_28' title="bbox 410 2995 2697 3081; baseline -0.001 -22"><span class='ocrx_word' id='word_1_225' title='bbox 410 2997 743 3061; x_wconf 90' lang='lat' dir='ltr'><strong>nullorum</strong></span> <span class='ocrx_word' id='word_1_226' title='bbox 812 2997 1206 3060; x_wconf 86' lang='lat' dir='ltr'><strong>sententiam</strong></span> <span class='ocrx_word' id='word_1_227' title='bbox 1273 2996 1475 3060; x_wconf 90' lang='lat' dir='ltr'><strong>fuisse</strong></span> <span class='ocrx_word' id='word_1_228' title='bbox 1542 2996 1762 3073; x_wconf 88' lang='lat' dir='ltr'><strong>vide0,</strong></span> <span class='ocrx_word' id='word_1_229' title='bbox 1831 2996 1967 3073; x_wconf 90' lang='lat' dir='ltr'><strong>sed,</strong></span> <span class='ocrx_word' id='word_1_230' title='bbox 2034 2995 2211 3081; x_wconf 90' lang='lat' dir='ltr'><strong>quod</strong></span> <span class='ocrx_word' id='word_1_231' title='bbox 2268 3018 2402 3058; x_wconf 83' lang='lat' dir='ltr'><strong>vox</strong></span> <span class='ocrx_word' id='word_1_232' title='bbox 2458 2995 2574 3058; x_wconf 88' lang='lat' dir='ltr'><strong>illa</strong></span> <span class='ocrx_word' id='word_1_233' title='bbox 2615 2995 2697 3057; x_wconf 90' lang='lat' dir='ltr'><strong>de</strong></span> 
     </span>
     <span class='ocr_line' id='line_1_29' title="bbox 411 3095 2699 3183; baseline -0.001 -23"><span class='ocrx_word' id='word_1_234' title='bbox 411 3098 640 3163; x_wconf 86' lang='lat' dir='ltr'><strong>avibus</strong></span> <span class='ocrx_word' id='word_1_235' title='bbox 706 3110 1017 3183; x_wconf 88' lang='lat' dir='ltr'><strong>usurpata</strong></span> <span class='ocrx_word' id='word_1_236' title='bbox 1079 3110 1432 3182; x_wconf 87' lang='lat' dir='ltr'><strong>cognatum</strong></span> <span class='ocrx_word' id='word_1_237' title='bbox 1499 3095 1921 3181; x_wconf 86' lang='lat' dir='ltr'><strong>significaret,</strong></span> <span class='ocrx_word' id='word_1_238' title='bbox 1987 3095 2233 3159; x_wconf 88' lang='lat' dir='ltr'><strong>factum</strong></span> <span class='ocrx_word' id='word_1_239' title='bbox 2290 3118 2454 3173; x_wconf 88' lang='lat' dir='ltr'><strong>esse,</strong></span> <span class='ocrx_word' id='word_1_240' title='bbox 2500 3108 2574 3158; x_wconf 88' lang='lat' dir='ltr'><strong>ut</strong></span> <span class='ocrx_word' id='word_1_241' title='bbox 2618 3095 2699 3158; x_wconf 91' lang='lat' dir='ltr'><strong>ad</strong></span> 
     </span>
     <span class='ocr_line' id='line_1_30' title="bbox 411 3195 2698 3262; baseline -0.001 -2"><span class='ocrx_word' id='word_1_242' title='bbox 411 3199 539 3261; x_wconf 88' lang='lat' dir='ltr'><strong>alia</strong></span> <span class='ocrx_word' id='word_1_243' title='bbox 581 3199 894 3262; x_wconf 88' lang='lat' dir='ltr'><strong>translata</strong></span> <span class='ocrx_word' id='word_1_244' title='bbox 938 3197 1215 3261; x_wconf 90' lang='lat' dir='ltr'><strong>eandem</strong></span> <span class='ocrx_word' id='word_1_245' title='bbox 1259 3197 1391 3259; x_wconf 88' lang='lat' dir='ltr'><strong>vim</strong></span> <span class='ocrx_word' id='word_1_246' title='bbox 1440 3210 1746 3261; x_wconf 89' lang='lat' dir='ltr'><strong>servaret.</strong></span> <span class='ocrx_word' id='word_1_247' title='bbox 1834 3197 1913 3260; x_wconf 94' lang='lat' dir='ltr'><strong>Id</strong></span> <span class='ocrx_word' id='word_1_248' title='bbox 1954 3209 2174 3259; x_wconf 89' lang='lat' dir='ltr'><strong>tamen</strong></span> <span class='ocrx_word' id='word_1_249' title='bbox 2204 3195 2334 3258; x_wconf 88' lang='lat' dir='ltr'><strong>iam</strong></span> <span class='ocrx_word' id='word_1_250' title='bbox 2364 3196 2698 3259; x_wconf 84' lang='lat' dir='ltr'><strong>veteribus</strong></span> 
     </span>
     <span class='ocr_line' id='line_1_31' title="bbox 407 3296 2700 3384; baseline -0.001 -24"><span class='ocrx_word' id='word_1_251' title='bbox 407 3298 571 3384; x_wconf 89' lang='lat' dir='ltr'><strong>ipsis</strong></span> <span class='ocrx_word' id='word_1_252' title='bbox 610 3300 792 3382; x_wconf 86' lang='lat' dir='ltr'><strong>justo</strong></span> <span class='ocrx_word' id='word_1_253' title='bbox 840 3298 1149 3362; x_wconf 88' lang='lat' dir='ltr'><strong>audacius</strong></span> <span class='ocrx_word' id='word_1_254' title='bbox 1191 3298 1579 3362; x_wconf 88' lang='lat' dir='ltr'><strong>translatum</strong></span> <span class='ocrx_word' id='word_1_255' title='bbox 1622 3298 1837 3360; x_wconf 84' lang='lat' dir='ltr'><strong>visum</strong></span> <span class='ocrx_word' id='word_1_256' title='bbox 1883 3320 2025 3361; x_wconf 89' lang='lat' dir='ltr'><strong>esse</strong></span> <span class='ocrx_word' id='word_1_257' title='bbox 2072 3319 2152 3359; x_wconf 92' lang='lat' dir='ltr'><strong>eo</strong></span> <span class='ocrx_word' id='word_1_258' title='bbox 2198 3296 2475 3360; x_wconf 88' lang='lat' dir='ltr'><strong>fortasse</strong></span> <span class='ocrx_word' id='word_1_259' title='bbox 2519 3296 2700 3360; x_wconf 91' lang='lat' dir='ltr'><strong>colli-</strong></span> 
     </span>
     <span class='ocr_line' id='line_1_32' title="bbox 409 3397 2700 3486; baseline -0.001 -25"><span class='ocrx_word' id='word_1_260' title='bbox 409 3422 565 3484; x_wconf 79' lang='lat' dir='ltr'><strong>gere</strong></span> <span class='ocrx_word' id='word_1_261' title='bbox 605 3400 780 3476; x_wconf 89' lang='lat' dir='ltr'><strong>licet,</strong></span> <span class='ocrx_word' id='word_1_262' title='bbox 808 3400 987 3484; x_wconf 94' lang='lat' dir='ltr'><strong>quod</strong></span> <span class='ocrx_word' id='word_1_263' title='bbox 1010 3398 1360 3486; x_wconf 86' lang='lat' dir='ltr'><strong>Euripides</strong></span> <span class='ocrx_word' id='word_1_264' title='bbox 1385 3398 1455 3461; x_wconf 95' lang='lat' dir='ltr'><strong>in</strong></span> <span class='ocrx_word' id='word_1_265' title='bbox 1478 3423 1539 3461; x_wconf 88' lang='lat' dir='ltr'><strong>v.</strong></span> <span class='ocrx_word' id='word_1_266' title='bbox 1566 3398 1690 3462; x_wconf 85' lang='lat'><strong>530</strong></span> <span class='ocrx_word' id='word_1_267' title='bbox 1713 3397 2090 3483; x_wconf 87' lang='lat' dir='ltr'><strong>tragoediae</strong></span> <span class='ocrx_word' id='word_1_268' title='bbox 2117 3420 2291 3473; x_wconf 90' lang='lat' dir='ltr'><strong>suae,</strong></span> <span class='ocrx_word' id='word_1_269' title='bbox 2322 3419 2486 3482; x_wconf 88' lang='lat' dir='ltr'><strong>quae</strong></span> <span class='ocrx_word' id='word_1_270' title='bbox 2510 3397 2700 3460; x_wconf 85' lang='lat' dir='ltr'><strong>Elec·</strong></span> 
     </span>
     <span class='ocr_line' id='line_1_33' title="bbox 408 3497 2696 3583; baseline 0 -22"><span class='ocrx_word' id='word_1_271' title='bbox 408 3513 511 3562; x_wconf 86' lang='lat' dir='ltr'><strong>tra</strong></span> <span class='ocrx_word' id='word_1_272' title='bbox 539 3499 936 3578; x_wconf 88' lang='lat' dir='ltr'><strong>inscribitur,</strong></span> <span class='ocrx_word' id='word_1_273' title='bbox 981 3500 1050 3563; x_wconf 93' lang='lat' dir='ltr'><strong>in</strong></span> <span class='ocrx_word' id='word_1_274' title='bbox 1097 3500 1327 3563; x_wconf 91' lang='lat' dir='ltr'><strong>eadem</strong></span> <span class='ocrx_word' id='word_1_275' title='bbox 1371 3521 1439 3562; x_wconf 93' lang='lat' dir='ltr'><strong>re</strong></span> <span class='ocrx_word' id='word_1_276' title='bbox 1489 3498 1921 3563; x_wconf 88' lang='lat' dir='ltr'><strong>describenda</strong></span> <span class='ocrx_word' id='word_1_277' title='bbox 1964 3521 2112 3562; x_wconf 90' lang='lat' dir='ltr'><strong>cum</strong></span> <span class='ocrx_word' id='word_1_278' title='bbox 2145 3511 2368 3583; x_wconf 89' lang='lat' dir='ltr'><strong>aperta</strong></span> <span class='ocrx_word' id='word_1_279' title='bbox 2394 3497 2696 3561; x_wconf 90' lang='lat' dir='ltr'><strong>irrisione</strong></span> 
     </span>
     <span class='ocr_line' id='line_1_34' title="bbox 411 3590 2700 3690; baseline 0 -28"><span class='ocrx_word' id='word_1_280' title='bbox 411 3599 733 3684; x_wconf 90' lang='lat' dir='ltr'><strong>Aeschyli</strong></span> <span class='ocrx_word' id='word_1_281' title='bbox 817 3601 1141 3665; x_wconf 89' lang='lat' dir='ltr'><strong>vocabulo</strong></span> <span class='ocrx_word' id='word_1_282' title='bbox 1230 3593 1653 3690; x_wconf 71' lang='grc' dir='ltr'><em>ὁμόπτερος</em></span> <span class='ocrx_word' id='word_1_283' title='bbox 1734 3599 1966 3663; x_wconf 89' lang='lat' dir='ltr'><strong>utitur:</strong></span> <span class='ocrx_word' id='word_1_284' title='bbox 2076 3596 2386 3673; x_wconf 78' lang='grc' dir='ltr'><em>πολλοῖς</em></span> <span class='ocrx_word' id='word_1_285' title='bbox 2478 3590 2560 3663; x_wconf 70' lang='grc' dir='ltr'><strong>δ’</strong></span> <span class='ocrx_word' id='word_1_286' title='bbox 2608 3591 2700 3663; x_wconf 76' lang='grc' dir='ltr'><em>ἂν</em></span> 
     </span>
     <span class='ocr_line' id='line_1_35' title="bbox 413 3694 2696 3790; baseline -0.001 -25"><span class='ocrx_word' id='word_1_287' title='bbox 413 3694 658 3787; x_wconf 72' lang='grc' dir='ltr'><em>εὕροις</em></span> <span class='ocrx_word' id='word_1_288' title='bbox 708 3695 1174 3790; x_wconf 74' lang='grc' dir='ltr'><em>βοστρύχους</em></span> <span class='ocrx_word' id='word_1_289' title='bbox 1225 3695 1713 3788; x_wconf 77' lang='grc' dir='ltr'><em>ὁμοπτέρους.</em></span> <span class='ocrx_word' id='word_1_290' title='bbox 1770 3739 1856 3748; x_wconf 90' lang='grc'>-</span> <span class='ocrx_word' id='word_1_291' title='bbox 1910 3699 2067 3762; x_wconf 90' lang='lat' dir='ltr'><strong>Alia</strong></span> <span class='ocrx_word' id='word_1_292' title='bbox 2110 3712 2211 3762; x_wconf 91' lang='lat' dir='ltr'><strong>est</strong></span> <span class='ocrx_word' id='word_1_293' title='bbox 2251 3698 2696 3763; x_wconf 86' lang='lat' dir='ltr'><strong>translationis</strong></span> 
     </span>
     <span class='ocr_line' id='line_1_36' title="bbox 410 3795 2697 3889; baseline -0.002 -22"><span class='ocrx_word' id='word_1_294' title='bbox 410 3801 599 3879; x_wconf 80' lang='lat' dir='ltr'><strong>ratic,</strong></span> <span class='ocrx_word' id='word_1_295' title='bbox 670 3825 869 3886; x_wconf 90' lang='lat' dir='ltr'><strong>quum</strong></span> <span class='ocrx_word' id='word_1_296' title='bbox 936 3795 1356 3889; x_wconf 79' lang='grc' dir='ltr'><em>ὁμόπτερος</em></span> <span class='ocrx_word' id='word_1_297' title='bbox 1417 3801 1697 3865; x_wconf 88' lang='lat' dir='ltr'><strong>navibus</strong></span> <span class='ocrx_word' id='word_1_298' title='bbox 1760 3801 2091 3885; x_wconf 87' lang='lat' dir='ltr'><strong>adjicitur,</strong></span> <span class='ocrx_word' id='word_1_299' title='bbox 2129 3799 2307 3883; x_wconf 90' lang='lat' dir='ltr'><strong>quod</strong></span> <span class='ocrx_word' id='word_1_300' title='bbox 2350 3799 2529 3863; x_wconf 88' lang='lat' dir='ltr'><strong>Pers.</strong></span> <span class='ocrx_word' id='word_1_301' title='bbox 2576 3799 2697 3863; x_wconf 84' lang='lat'><strong>559</strong></span> 
     </span>
     <span class='ocr_line' id='line_1_37' title="bbox 409 3899 2700 3988; baseline -0.001 -23"><span class='ocrx_word' id='word_1_302' title='bbox 409 3925 593 3988; x_wconf 86' lang='lat' dir='ltr'><strong>sequ.</strong></span> <span class='ocrx_word' id='word_1_303' title='bbox 662 3901 738 3966; x_wconf 90' lang='lat' dir='ltr'><strong>fit</strong></span> <span class='ocrx_word' id='word_1_304' title='bbox 799 3904 869 3966; x_wconf 90' lang='lat' dir='ltr'><strong>in</strong></span> <span class='ocrx_word' id='word_1_305' title='bbox 929 3903 1264 3967; x_wconf 90' lang='lat' dir='ltr'><strong>codicibus</strong></span> <span class='ocrx_word' id='word_1_306' title='bbox 1324 3914 1391 3965; x_wconf 89' lang='lat' dir='ltr'><strong>et</strong></span> <span class='ocrx_word' id='word_1_307' title='bbox 1435 3901 1740 3967; x_wconf 89' lang='lat' dir='ltr'><strong>omnibus</strong></span> <span class='ocrx_word' id='word_1_308' title='bbox 1788 3900 2191 3964; x_wconf 88' lang='lat' dir='ltr'><strong>editionibus</strong></span> <span class='ocrx_word' id='word_1_309' title='bbox 2235 3912 2496 3985; x_wconf 91' lang='lat' dir='ltr'><strong>praeter</strong></span> <span class='ocrx_word' id='word_1_310' title='bbox 2538 3899 2700 3962; x_wconf 91' lang='lat' dir='ltr'><strong>Din-</strong></span> 
     </span>
     <span class='ocr_line' id='line_1_38' title="bbox 411 3999 2698 4089; baseline -0.001 -24"><span class='ocrx_word' id='word_1_311' title='bbox 411 4003 637 4080; x_wconf 88' lang='lat' dir='ltr'><strong>dorfii;</strong></span> <span class='ocrx_word' id='word_1_312' title='bbox 708 4004 820 4089; x_wconf 88' lang='lat' dir='ltr'><strong>qui</strong></span> <span class='ocrx_word' id='word_1_313' title='bbox 886 4004 1151 4088; x_wconf 89' lang='lat' dir='ltr'><strong>quidem</strong></span> <span class='ocrx_word' id='word_1_314' title='bbox 1217 4026 1442 4066; x_wconf 88' lang='lat' dir='ltr'><strong>versus</strong></span> <span class='ocrx_word' id='word_1_315' title='bbox 1508 4001 1659 4066; x_wconf 90' lang='lat' dir='ltr'><strong>illos</strong></span> <span class='ocrx_word' id='word_1_316' title='bbox 1724 4002 1817 4064; x_wconf 89' lang='lat' dir='ltr'><strong>ita</strong></span> <span class='ocrx_word' id='word_1_317' title='bbox 1868 3999 2164 4077; x_wconf 88' lang='lat' dir='ltr'><strong>mutavit,</strong></span> <span class='ocrx_word' id='word_1_318' title='bbox 2210 4013 2284 4063; x_wconf 89' lang='lat' dir='ltr'><strong>ut</strong></span> <span class='ocrx_word' id='word_1_319' title='bbox 2327 4023 2440 4064; x_wconf 93' lang='lat' dir='ltr'><strong>eos</strong></span> <span class='ocrx_word' id='word_1_320' title='bbox 2486 4024 2698 4087; x_wconf 91' lang='lat' dir='ltr'><strong>paene</strong></span> 
     </span>
     <span class='ocr_line' id='line_1_39' title="bbox 410 4095 2701 4190; baseline 0 -25"><span class='ocrx_word' id='word_1_321' title='bbox 410 4126 624 4167; x_wconf 88' lang='lat' dir='ltr'><strong>novos</strong></span> <span class='ocrx_word' id='word_1_322' title='bbox 670 4104 978 4190; x_wconf 89' lang='lat' dir='ltr'><strong>fingeret:</strong></span> <span class='ocrx_word' id='word_1_323' title='bbox 1048 4104 1180 4169; x_wconf 75' lang='grc' dir='ltr'><strong>νῦν</strong></span> <span class='ocrx_word' id='word_1_324' title='bbox 1232 4098 1311 4169; x_wconf 73' lang='grc' dir='ltr'><strong>δὲ</strong></span> <span class='ocrx_word' id='word_1_325' title='bbox 1360 4096 1818 4177; x_wconf 75' lang='grc' dir='ltr'><strong>κυανώπιδες</strong></span> <span class='ocrx_word' id='word_1_326' title='bbox 1871 4095 2059 4167; x_wconf 73' lang='grc' dir='ltr'><em>θοαὶ</em></span> <span class='ocrx_word' id='word_1_327' title='bbox 2110 4101 2278 4177; x_wconf 76' lang='grc' dir='ltr'><em>νᾶες</em></span> <span class='ocrx_word' id='word_1_328' title='bbox 2323 4095 2462 4185; x_wconf 80' lang='grc' dir='ltr'><em>μὲν</em></span> <span class='ocrx_word' id='word_1_329' title='bbox 2514 4098 2701 4190; x_wconf 77' lang='grc' dir='ltr'><em>ἄγα-</em></span> 
     </span>
     <span class='ocr_line' id='line_1_40' title="bbox 412 4196 2703 4293; baseline 0 -25"><span class='ocrx_word' id='word_1_330' title='bbox 412 4223 576 4288; x_wconf 75' lang='grc' dir='ltr'><em>γον,</em></span> <span class='ocrx_word' id='word_1_331' title='bbox 624 4211 856 4288; x_wconf 82' lang='grc' dir='ltr'><em>τοτοῖ,</em></span> <span class='ocrx_word' id='word_1_332' title='bbox 887 4207 1056 4281; x_wconf 78' lang='grc' dir='ltr'><em>νᾶες</em></span> <span class='ocrx_word' id='word_1_333' title='bbox 1099 4196 1611 4287; x_wconf 74' lang='grc' dir='ltr'><em>δ’ἄπσόλεσαν,</em></span> <span class='ocrx_word' id='word_1_334' title='bbox 1646 4209 1875 4287; x_wconf 84' lang='grc' dir='ltr'><em>τοτοῖ,</em></span> <span class='ocrx_word' id='word_1_335' title='bbox 1909 4198 2113 4290; x_wconf 83' lang='grc' dir='ltr'><em>ὁμοπ</em></span> <span class='ocrx_word' id='word_1_336' title='bbox 2127 4199 2440 4293; x_wconf 79' lang='grc' dir='ltr'><em>τέροισιν</em></span> <span class='ocrx_word' id='word_1_337' title='bbox 2469 4196 2703 4290; x_wconf 75' lang='grc' dir='ltr'><em>ἐμβο-</em></span> 
     </span>
    </p>
   </div>
   <div class='ocr_carea' id='block_1_5' title="bbox 3104 0 3107 1851">
    <p class='ocr_par' dir='ltr' id='par_1_5' title="bbox 3104 0 3107 1851">
     <span class='ocr_line' id='line_1_41' title="bbox 3104 0 3107 1851; baseline 0 0"><span class='ocrx_word' id='word_1_338' title='bbox 3104 0 3107 1851; x_wconf 95' lang='lat' dir='ltr'><strong> </strong></span> 
     </span>
    </p>
   </div>
   <div class='ocr_carea' id='block_1_6' title="bbox 3104 2001 3107 2549">
    <p class='ocr_par' dir='ltr' id='par_1_6' title="bbox 3104 2001 3107 2549">
     <span class='ocr_line' id='line_1_42' title="bbox 3104 2001 3107 2549; baseline 0 0"><span class='ocrx_word' id='word_1_339' title='bbox 3104 2001 3107 2549; x_wconf 95' lang='lat' dir='ltr'><strong> </strong></span> 
     </span>
    </p>
   </div>
   <div class='ocr_carea' id='block_1_7' title="bbox 3104 3816 3108 4799">
    <p class='ocr_par' dir='ltr' id='par_1_7' title="bbox 3104 3816 3108 4799">
     <span class='ocr_line' id='line_1_43' title="bbox 3104 3816 3108 4799; baseline 0 0"><span class='ocrx_word' id='word_1_340' title='bbox 3104 3816 3108 4799; x_wconf 95' lang='lat' dir='ltr'><strong> </strong></span> 
     </span>
    </p>
   </div>
  </div>
 </body>
</html>
