3134 4842
548 201 628 264 58

462 366 681 429 illatus
748 366 851 441 sit,
919 366 1235 429 credibile
1303 379 1403 429 est
1469 388 1620 428 eum
1688 387 1772 427 ex
1838 363 1964 428 alia
2027 364 2345 450 Aeschyli
2408 367 2747 451 tragoedia

461 480 797 552 sumptum
872 489 1051 542 esse;
1128 489 1322 551 quam
1398 464 1767 528 Hermanni
1848 465 2243 529 sententiam
2318 489 2460 529 esse
2527 467 2743 531 video.

461 567 673 630 Valde
740 567 970 630 similis
1028 580 1131 630 est
1181 567 1244 630 ei
1286 567 1457 644 1000,
1503 589 1700 651 quem
1744 587 1941 652 supra
1983 567 2516 643 commemoravi,
2562 567 2738 631 Pers.

459 669 603 732 821.
720 671 905 754 Ager
967 667 1406 753 improbitatis
1473 680 1756 730 mortem
1819 681 2150 751 tamquam
2215 665 2503 731 fructum
2567 668 2737 731 ferre

458 768 719 832 dicitur.

627 869 829 932 Plane
897 868 1086 930 aliter
1146 862 1525 955 κάρπωμα
1598 868 1990 932 transfertur
2057 869 2283 954 Suppl.
2353 869 2536 932 1001.
2638 868 2738 931 De

457 969 757 1033 versibus
802 970 1196 1047 998—1002,
1243 992 1406 1054 quos
1452 968 1716 1033 codices
1762 982 1985 1054 aperte
2031 982 2371 1054 corruptos
2404 969 2739 1055 praebent,

458 1069 632 1133 inter
684 1069 973 1133 editores
1031 1093 1167 1132 non
1212 1070 1543 1146 convenit,
1588 1069 1920 1154 quomodo
1967 1069 2301 1133 scribendi
2344 1069 2495 1133 sint.
2580 1069 2742 1132 Din-

460 1170 620 1233 dorf
678 1193 790 1232 eos
857 1170 1206 1233 emendare
1264 1194 1346 1233 ne
1404 1185 1676 1234 conatus
1722 1183 1822 1233 est
1865 1170 2153 1255 quidem,
2200 1171 2318 1234 sed
2361 1171 2739 1234 immutatos

460 1285 529 1334 et
592 1270 852 1334 uncinis
918 1270 1210 1334 inclusos
1276 1271 1346 1333 in
1411 1284 1672 1334 textum
1731 1294 1920 1334 suum
1980 1271 2224 1334 intulit.
2313 1271 2435 1333 His
2483 1271 2740 1335 omissis

458 1394 569 1434 eas
647 1370 1143 1434 emendationes
1212 1372 1770 1448 commemorabO,
1838 1394 2002 1456 quae
2070 1372 2147 1434 ab
2220 1371 2604 1435 Hermanno
2677 1387 2742 1435 et

458 1471 710 1535 Weilio
756 1472 1048 1557 prolatae
1096 1487 1268 1536 sunt.
1355 1472 1479 1535 Ille
1527 1472 1783 1536 scribit:

663 1614 930 1710 τέρειν’
988 1615 1258 1714 ὀπώρα
1310 1617 1358 1689 δ
1372 1615 1869 1717 ἐὐφύλακτος
1920 1615 2296 1708 naamon,

666 1716 938 1815 θήραις
989 1717 1067 1789 δὲ
1115 1725 1557 1815 κηραίνουσί
1597 1747 1714 1789 νιν
1762 1723 2053 1815 βροτοί.
2110 1723 2187 1790 τί
2222 1718 2416 1811 μήνς

656 1820 777 1889 καὶ
827 1817 1178 1891 κνώδαλα
1229 1826 1650 1917 πτεροῦντα
1698 1821 1819 1890 καὶ
1870 1821 2275 1912 πεδοστιβῆ

657 1921 780 1990 καὶ
831 1919 1057 2013 νηκτὰ
1110 1920 1410 2002 πάντως
1460 1922 1655 1992 ἐστὶν
1705 1920 2127 2014 &pudieus-³
2178 1921 2354 1991 ἰδεῖν

658 2020 1125 2116 καρπώμαθ,
1179 2022 1228 2093 ἃ
1284 2022 1646 2103 στάζοντα
1695 2020 2042 2115 κηρύσσει
2105 2020 2383 2112 Κύπρις

656 2123 922 2214 κᾶωρα
973 2122 1376 2194 κωλύουσα
1432 2120 1641 2203 θὀὖς
1688 2127 1934 2212 μένειν
1987 2121 2171 2216 ὅρῳ.

458 2277 774 2355 Quartum
819 2301 1081 2341 versum
1126 2279 1269 2365 ipse
1314 2280 1574 2343 invenit
1618 2303 1735 2366 pro
1784 2303 1883 2356 e0,
1931 2302 2128 2364 quem
2176 2278 2502 2343 excidisse
2534 2292 2739 2364 putat.

457 2378 581 2441 Illa
623 2378 717 2442 ita
761 2379 1079 2465 explicat:
1124 2379 1435 2443 »laedunt
1478 2394 1774 2444 teneram
1822 2393 2106 2444 aetat-em
2137 2380 2595 2466 persequendo
2626 2378 2744 2442 ho-

457 2479 701 2542 mines:
768 2479 925 2565 quid
991 2477 1190 2543 vero?
1259 2481 1458 2544 etiam
1514 2482 1756 2545 bestias
1815 2495 1882 2544 et
1933 2481 2329 2568 pennigeras
2374 2494 2440 2543 et
2482 2480 2551 2542 in
2596 2479 2740 2543 solo

456 2579 844 2644 incedentes
905 2596 972 2644 et
1016 2595 1316 2645 natantes
1361 2582 1586 2645 videas
1634 2582 1921 2645 fructum
1966 2595 2247 2668 captare,
2294 2604 2488 2666 quem
2537 2602 2741 2643 emer-

452 2694 724 2766 gentem
795 2681 1021 2745 Venus
1077 2683 1336 2746 nuntiat
1392 2682 1587 2746 etiam
1645 2682 2064 2746 immaturum
2112 2697 2179 2745 et
2223 2706 2448 2746 arcens
2493 2696 2567 2744 ut
2612 2704 2741 2744 ma-

456 2795 657 2844 neant
700 2781 870 2844 intra
912 2784 1324 2847 terminum».
1416 2782 1594 2845 Weil
1639 2784 1903 2849 scribit:

660 2925 927 3020 τέρειν’
984 2925 1256 3024 ὀπώρα
1308 2929 1356 2998 δ
1371 2925 1862 3028 ἐὐφύλακτος
1914 2925 2289 3019 οὐδαμοῖς.

667 3029 849 3099 θεοί
893 3052 1037 3127 σφε
1087 3036 1520 3125 κηραίνουσι
1573 3030 1695 3099 καὶ
1744 3033 2037 3124 βροτοί.
2094 3035 2174 3099 τί
2205 3028 2392 3122 μήν;

655 3130 777 3199 καὶ
827 3127 1178 3200 κνώδαλα
1228 3136 1645 3228 πτεροῦντα
1695 3131 1816 3200 καὶ
1866 3131 2268 3222 πεδοστιβῆ

654 3229 1166 3328 ,καρπώμαθζ
1221 3232 1270 3301 ἃ
1326 3230 1687 3314 στάζοντα
1738 3230 2078 3329 κηρύσσει
2133 3229 2436 3329 Κύπρις,

658 3331 869 3427 ὥραν
919 3331 1220 3404 κολούει
1270 3335 1560 3414 κᾶνθος
1612 3330 1704 3404 οὐ
1752 3338 1999 3422 μένειν
2050 3332 2156 3422 ἐᾷ’.

456 3487 641 3551 Idem
688 3488 871 3552 addit
912 3503 1175 3573 poet-am
1223 3512 1260 3550 a
1301 3511 1464 3551 voce
1513 3480 1806 3575 ὀπώρα,
1854 3511 1981 3572 qua
2024 3512 2218 3574 supra
2264 3511 2419 3552 usus
2460 3488 2563 3565 sit,
2594 3509 2741 3572 pro-

452 3588 642 3673 gredi
701 3589 780 3652 ad
837 3590 1329 3653 translationem
1381 3613 1416 3651 a
1461 3589 1674 3674 pomis
1722 3588 2000 3675 turgidis
2047 3611 2337 3674 sucoque
2382 3588 2740 3652 fluentibus

455 3689 888 3774 desumptam.
977 3689 1383 3775 Quamquam
1428 3713 1655 3754 versus
1701 3691 1801 3753 illi
1847 3713 2082 3775 magna
2126 3689 2522 3753 obscuritate
2565 3689 2742 3752 labo-

455 3802 618 3865 rant,
686 3812 879 3873 quam
937 3808 1168 3854 neutra
1223 3791 1781 3869 emendationum,
1840 3813 1997 3875 quas
2055 3814 2123 3855 su
2134 3814 2246 3876 pra
2293 3790 2499 3866 attuli,
2545 3790 2739 3876 plane

454 3890 648 3966 tollit,
701 3889 864 3953 haec
909 3904 1127 3953 tamen
1174 3914 1293 3976 pro
1341 3906 1520 3954 certo
1569 3891 1881 3955 affirmari
1925 3914 2119 3976 posse
2167 3891 2394 3955 credo:
2443 3883 2739 3977 ὀπώρα,

456 4014 582 4076 qua
637 4014 800 4054 voce
859 3991 1175 4076 appellari
1219 3990 1472 4056 solebat
1517 3992 1585 4055 id
1630 3994 1784 4055 anni
1831 4006 2112 4076 tempuS‚
2161 4015 2290 4076 quo
2338 3992 2564 4077 fruges
2611 4014 2743 4053 ma-

453 4104 812 4167 turescunt,
879 4091 987 4154 hic
1044 4092 1123 4154 ad
1181 4105 1472 4155 teneram
1519 4106 1800 4157 aetatem
1847 4091 2211 4179 puellarum
2259 4093 2374 4154 vix
2418 4093 2738 4178 puberum

451 4192 871 4267 transfertur3
938 4193 1100 4255 item
1159 4192 1385 4278 Suppl.
1437 4195 1630 4258 1015:
1680 4189 1854 4283 ἐμῆς
1905 4185 2301 4284 δ’ὄπώρας
2352 4185 2603 4258 οὕνεκ’
2660 4176 2739 4255 εὖ
