3134 4842
498 201 618 267 100

414 366 701 457 νηπίοις
754 356 1174 452 ὑλάγμασιν
1227 361 1403 443 ἄξει.
1492 366 1621 450 Ag.
1670 365 1860 427 1672:
1902 357 2007 450 μὴ
2059 353 2517 452 προτιμήσῃς
2553 381 2699 444 μα-

417 470 646 536 ταίων
701 460 902 534 who*
917 459 935 483 ¹
965 459 1448 554 ὕλαγιιοῖτων.
1536 465 1851 529 Similiter
1883 458 2223 530 ὑλάσκειν
2254 475 2353 527 est
2379 462 2699 526 insolenter

414 572 671 657 yloriari
718 566 944 655 Suppl.
993 568 1144 632 877·
1191 560 1429 652 λύμας
1474 570 1570 641 εἰς
1614 560 1701 632 σὺ
1746 560 1895 654 πρὸ
1941 586 2078 654 γας
2128 557 2472 630 υλοῖσκων
2500 584 2699 650 περι-

408 662 719 759 χαμπτὰ
775 661 1137 760 βρυάζεις.
1228 667 1342 731 Csr
1401 658 2699 754 5οΡ1ι.Ε1.299;τοιαῦθ’ὑλακτεῖ.

420 771 648 839 Paullo
697 770 883 833 aliter
927 768 1127 832 Hom.
1175 769 1295 833 Od.
1345 771 1443 845 20,
1488 770 1599 831 13:
1645 764 1904 856 κραδίη
1936 764 2019 835 δέ
2041 768 2120 834 οἱ
2142 762 2353 834 ἔνδον
2384 759 2701 849 ὑλάκτει,

419 874 536 939 ubi
578 872 673 935 ira
712 869 1137 957 significatur.
1166 909 1253 918 —
1280 865 1600 952 βαΰζειν,
1632 869 2024 934 vocabulum
2057 870 2134 933 de
2169 869 2438 933 fremitu
2470 891 2701 932 canum

421 973 784 1062 proprium,
847 972 927 1035 de
973 971 1248 1035 vocibus
1294 970 1777 1057 indignantium
1826 972 2093 1054 ponitur
2136 973 2264 1057 Ag.
2310 971 2461 1034 448:
2534 963 2706 1035 τάδε

425 1068 598 1164 σῖγά
652 1094 755 1149 τις
806 1065 1090 1155 βαΰζει;
1146 1072 1226 1135 de
1284 1071 1710 1158 querentibus
1766 1070 1943 1133 Pers.
1998 1073 2103 1136 13:
2163 1071 2328 1137 νέον
2381 1063 2706 1162 δ’ἆνδρα

421 1170 673 1258 βαΰζει
729 1175 847 1260 (sc.
894 1174 1103 1258 Asia).
1174 1212 1259 1221 ——
1329 1172 1514 1258 Inde,
1589 1171 1766 1257 quod
1823 1193 2035 1248 canes,
2094 1195 2292 1256 quum
2348 1172 2595 1236 adulari
2642 1184 2708 1235 et

425 1277 700 1365 gratiam
748 1275 874 1339 sibi
917 1297 1144 1360 parare
1191 1275 1444 1351 volunt,
1493 1273 1764 1336 caudam
1809 1294 2076 1335 movere
2125 1273 2361 1350 solent,
2407 1297 2561 1337 usus
2592 1273 2704 1336 ille

425 1378 600 1465 apud
651 1376 937 1462 tragicos
985 1375 1555 1460 frequentissimus
1602 1373 1938 1460 profectus
1987 1384 2103 1450 est,
2151 1395 2280 1458 quo
2330 1373 2601 1438 σαίνειν
2644 1387 2710 1436 ct

425 1478 791 1565 composita
857 1477 1018 1561 ejus,
1085 1476 1350 1562 proprie
1417 1477 1680 1539 caudam
1736 1497 1988 1551 movere,
2045 1475 2112 1537 in
2158 1474 2292 1536 vim
2337 1473 2710 1547 blandiendi,

416 1581 714 1667 placandi
755 1577 1260 1642 transferuntur.
1331 1579 1458 1664 Ag.
1508 1578 1658 1640 797:
1710 1570 1799 1641 τὰ
1848 1567 2596 1669 ὃοκοῦντέὔφρονος
2639 1568 2714 1639 ἐκ

428 1677 756 1755 διανοίας
819 1679 1110 1761 σαίνειν,
1136 1723 1145 1728 κ
1176 1682 1285 1764 qui
1340 1702 1414 1742 ea·
1467 1678 1866 1741 benevolentia
1923 1680 2119 1740 animi
2178 1676 2448 1739 blandiri
2503 1677 2714 1739 viden-

427 1795 546 1846 tur.
635 1780 929 1867 Choeph.
976 1782 1129 1843 420:
1176 1772 1488 1865 πάρεστι
1542 1780 1814 1845 σαίνειν
1867 1772 1958 1843 τὰ
2014 1770 2282 1843 δὀὔτι
2338 1773 2711 1865 θέλγεται.

426 1877 650 1957 λύκος
734 1876 878 1971 γὰρ
970 1873 1162 1947 ὥστ’
1193 1874 1594 1976 ὠμόφρων
1668 1876 1989 1955 ἄσαντος
2062 1873 2136 1946 ἐκ
2204 1872 2494 1966 ματρός
2566 1873 2716 1944 ε’στι

431 1976 705 2070 θυμός.
795 1982 1318 2069 Clytaemnestra
1382 1982 1635 2045 animos
1692 1981 2049 2045 liberorum
2105 1980 2394 2067 placatos
2439 1980 2714 2044 reddere

433 2098 726 2162 conatur,
776 2084 893 2147 sed
936 2083 1274 2147 blanditiis
1321 2082 1597 2147 mulceri
1641 2106 1775 2146 non
1820 2096 2103 2169 possunt
2135 2078 2539 2168 (ἄσαντος).
2585 2083 2759 2166 Age

432 2187 626 2250 1665:
676 2176 812 2250 οὐκ
864 2178 956 2249 ἂν
1001 2176 1361 2275 Ἀργείων
1415 2175 1589 2250 τόδ’
1617 2183 1747 2271 εἴη,
1805 2186 2031 2278 φῶτα
2072 2183 2547 2276 προσσαίνειν
2588 2204 2716 2247 κα·-

428 2281 585 2371 κόν,
650 2310 772 2350 non
832 2286 1212 2370 Aryivorum
1263 2297 1348 2348 est
1401 2288 1600 2349 virum
1655 2288 1944 2368 iqnavum
2008 2286 2274 2348 adulari.
2341 2323 2425 2333 —-
2480 2303 2720 2373 παρα-

435 2379 706 2455 σαίνειν
775 2388 855 2451 de
922 2389 1053 2450 Ate
1110 2386 1398 2473 ponitur,
1444 2410 1609 2473 quae
1657 2387 1869 2474 primo
1916 2386 2172 2451 homini
2217 2387 2528 2457 arridens,
2573 2387 2614 2449 i.
2662 2409 2718 2449 e.

432 2512 815 2576 prosperam
860 2487 1192 2552 fortunam
1238 2488 1532 2554 tribuens
1581 2511 1731 2552 eum
1775 2490 1845 2551 in
1891 2501 2028 2552 rete
2076 2511 2265 2554 suum
2296 2487 2507 2566 illicit,
2541 2485 2718 2550 Pers,

436 2593 545 2655 97:
596 2583 1009 2684 φιλόφρων
1053 2610 1199 2681 γαρ
1246 2592 1682 2682 παρασαίνει
1725 2584 2011 2681 βροτὸν
2056 2588 2152 2665 εις
2195 2584 2475 2682 ἄρκυας
2505 2585 2719 2654 ”.Ατα

434 2692 621 2756 Libri
663 2691 936 2755 habent:
1028 2684 1440 2808 φιλοφρων
1494 2705 1641 2783 γαρ
1698 2691 2055 2756 σαίνουσα
2102 2684 2189 2755 τὸ
2235 2710 2541 2806 πρωτον
2583 2712 2722 2756 πα-

436 2813 650 2882 ραγει
701 2785 987 2884 βροτὸν
1040 2791 1147 2867 εἰς
1188 2784 1637 2884 αρκύστατα,
1697 2815 1860 2878 quae
1919 2792 2520 2879 interpretamentis
2577 2792 2722 2856 viti-

439 2907 542 2957 ata
607 2916 750 2958 esse
804 2905 1005 2982 patet.
1068 2932 1146 2940 —
1192 2896 1256 2956 A
1300 2893 1702 2957 blandiendo
1752 2893 1963 2957 facilis
2011 2908 2111 2958 est
2154 2906 2595 2980 transgressus
2642 2893 2721 2956 ad

437 2995 570 3059 vim
617 2996 939 3072 ntulceudz}
974 2996 1253 3080 jucundo
1297 3017 1477 3058 sensu
1521 2996 1856 3083 afficiendi,
1903 3018 2096 3081 quam
2140 2995 2469 3060 interdum
2517 2996 2718 3059 verbo

441 3096 711 3162 σαίνειν
755 3097 1023 3161 subesse
1065 3095 1385 3158 videmus
1458 3094 1559 3158 Ita
1591 3097 1670 3159 de
1701 3095 2031 3161 illecebris
2065 3097 2206 3182 spei
2238 3094 2535 3182 Choeph.
2571 3097 2717 3160 193:

338 3287 345 3294 .
441 3197 789 3284 σαίνομαι
843 3189 923 3262 δ’
952 3187 1089 3263 ὑπ’
1116 3189 1427 3272 ἐλπίδος.
1540 3196 1855 3261 Similiter
1918 3197 1988 3260 in
2048 3198 2195 3263 loco
2262 3198 2453 3263 valde
2522 3197 2720 3261 dubio

442 3300 657 3363 Prom.
704 3299 857 3364 835:

1350 3451 1434 3516 αἱ
1478 3444 1938 3570 προςήγοροι
1990 3446 2227 3545 δρύες,

696 3545 845 3646 ὑφ’
875 3572 983 3617 ων
1037 3546 1125 3617 σὺ
1178 3549 1545 3645 λαμπρως
1595 3544 1857 3619 κούδὲν
1904 3552 2375 3675 αἰνικτηριως

693 3648 1308 3773 προςηγορεύθης
1358 3648 1402 3741 ἡ
1457 3650 1642 3730 Διὸς
1690 3650 1932 3744 κλεινὴ
1985 3650 2255 3748 δάμαρ

690 3747 1059 3841 μέλλουσ’
1086 3752 1416 3822 ἔσεσθαι.
1475 3751 1710 3822 τῶνδε
1760 3757 2184 3848 προσσαίνει
2242 3755 2326 3823 σε’
2373 3777 2463 3822 τι.

448 3908 517 3972 Si
569 3909 662 3973 ita
715 3921 890 3973 recte
939 3908 1264 3985 scribitur,
1311 3930 1583 3972 necesse
1630 3921 1731 3973 est
1773 3910 1973 3972 verba
2018 3903 2251 3974 τωνδε
2301 3906 2731 3996 προσσαίνει

448 4009 532 4076 σε’
579 4029 646 4075 τι
698 4033 815 4096 pro
862 4008 1312 4096 parenthetice
1359 4009 1623 4073 insertis
1676 4009 1950 4075 habere:
2010 4034 2219 4075 eorum
2273 4009 2531 4096 aliquid,
2577 4032 2732 4094 quae

445 4113 581 4176 dixi
650 4111 765 4197 (sc.
824 4111 999 4197 quod
1058 4111 1303 4193 conjux
1347 4109 1538 4174 Jovis
1587 4112 1910 4198 appellata
1956 4112 2074 4197 es),
2120 4123 2172 4178 te
2204 4112 2475 4200 jucunde
2519 4121 2730 4185 movet,

431 4213 780 4298 jucundam
823 4214 1181 4276 memoriam
1223 4214 1290 4273 in
1333 4223 1386 4274 te
1429 4215 1663 4276 excitat.
1755 4209 1970 4277 Schol.
2026 4215 2388 4302 explicant:
2447 4207 2730 4298 θέλγει,
