3134 4842
533 207 651 270 102

436 365 666 465 χάριν
720 373 1017 467 τροφοῖς
1068 367 1214 463 γὰρ
1269 364 1608 459 αμείβων
1705 449 1724 466 s

441 468 997 593 μηλοφόνοισιν
1048 468 1124 540 έν
1175 469 1389 550 ἄταις
1687 467 1702 476 ”

450 567 655 641 δαῖτ’
683 568 1118 651 ἀκέλευστος
1170 574 1472 655 ἔτευξεν·

451 674 709 796 αἱματι
762 669 842 744 δ’
869 662 1072 753 οἶκος
1125 670 1455 771 εφύρθη,

448 775 746 867 ἄμαχον
797 774 946 867 ἄλ)
949 799 1032 855 ος
1083 777 1392 855 οἰκέταις

446 879 641 968 μέγα
697 899 896 957 σινος
944 873 1432 947 πολύκτονον.

450 1003 525 1048 εκ
581 977 773 1048 θεοῦ
825 974 906 1048 δ’
933 974 1165 1073 ἱερεύς
1219 1002 1323 1059 τις
1374 979 1556 1057 ἄτας
1616 975 1883 1067 δόμοις
1935 977 2511 1075 προςεθρέφθη.

446 1075 857 1174 παράὕτὰ
914 1075 1272 1158 δ’έλθεϊν
1325 1078 1394 1161 ές
1447 1083 1653 1150 Ιλίου
1705 1075 1927 1150 πόλιν

446 1176 749 1272 λέγοιμ’
776 1178 869 1249 ἂν
923 1177 1281 1279 φρόνημα
1328 1180 1467 1271 μὲν
1518 1184 1836 1273 νηνέμου
1888 1177 2237 1273 γαλάνας.

448 1318 878 1398 Describitur,
926 1321 1256 1406 quomodo
1304 1320 1554 1385 catulus
1601 1319 1835 1396 leonis,
1882 1319 1993 1405 qui
2039 1319 2216 1382 domi
2258 1318 2543 1383 hominis
2578 1319 2730 1382 edu-

448 1432 650 1498 catur,
717 1421 928 1506 primo
986 1421 1212 1485 mitem
1259 1435 1326 1486 et
1369 1422 1683 1486 blandum
1731 1444 1800 1485 se
1848 1421 2174 1506 praebeat,
2220 1420 2481 1497 deinde,
2528 1443 2727 1505 quum

446 1533 658 1584 aetate
725 1522 1066 1607 processit,
1126 1546 1442 1587 conversa
1484 1535 1714 1586 natura
1758 1544 2058 1608 magnam
2106 1522 2372 1585 caedem
2417 1522 2485 1584 in
2533 1523 2728 1585 domo

447 1621 677 1699 faciat3
745 1645 909 1707 quae
978 1625 1376 1710 comparatio
1433 1625 1513 1688 ad
1580 1623 1903 1687 Helenam
1950 1621 2314 1699 adhibetur,
2362 1645 2524 1708 quae
2572 1623 2730 1686 Tro-

438 1722 614 1806 janis
660 1723 874 1809 primo
921 1725 1183 1811 gaudie,
1231 1725 1468 1789 deinde
1518 1725 1723 1788 exitio
1756 1740 1872 1788 est.
1949 1723 2115 1787 Cum
2146 1722 2267 1786 hac
2298 1722 2728 1787 similitudine

448 1825 811 1910 comparari
880 1838 1100 1913 potest
1152 1827 1354 1891 Arist.
1401 1826 1561 1890 Ran.
1611 1827 1776 1891 1478
1821 1848 2022 1911 sequ.,
2068 1824 2181 1887 ubi
2228 1824 2596 1910 Aeschylus
2642 1825 2733 1889 ita

446 1923 724 2010 loquens
770 1926 1133 1991 inducitur:

649 2068 742 2142 οὐ
783 2071 931 2168 χρὴ
986 2075 1283 2153 λέοντος
1340 2070 1664 2164 σκύμνον
1716 2070 1791 2144 εν
1841 2071 2056 2143 πόλει
2113 2077 2430 2195 τρέφειν·

643 2170 977 2265 μάλιστα
1022 2173 1161 2263 μὲν
1213 2177 1479 2244 λέοντα
1523 2170 1674 2267 μὴ’
1700 2201 1742 2244 ν
1792 2171 2006 2245 πόλει
2060 2178 2379 2271 τρέφειν·

650 2275 737 2366 ἥν
790 2271 874 2344 δ’
901 2273 1213 2379 ἐκτρέφῃ
1270 2302 1397 2364 τις,
1454 2286 1604 2356 τοῖς
1660 2273 1964 2372 τρόποις
2018 2275 2417 2371 ὑπηρετεῖν.

447 2429 524 2493 G.
573 2430 797 2495 Herm.
846 2432 1213 2519 suspicatur
1254 2434 1537 2520 primum
1586 2446 1653 2497 et
1695 2433 1999 2497 ultimum
2045 2456 2306 2496 versum
2353 2457 2450 2495 ex‘
2479 2446 2730 2517 tragoe-

446 2530 556 2593 dia
612 2532 829 2618 aliqua
881 2533 1202 2620 Aeschyli
1257 2548 1552 2621 sumptos
1602 2557 1764 2598 esse.
1809 2572 1894 2582 —-
1936 2533 2284 2598 Exercitus
2332 2532 2728 2598 Graecorum

446 2632 712 2718 Trojam
781 2633 1126 2698 devastans
1195 2658 1344 2699 cum
1400 2636 1596 2699 leone
1644 2635 1979 2722 sanguinis
2027 2634 2275 2699 sitienti
2320 2646 2731 2720 comparatur

445 2735 572 2819 Ag.
619 2736 745 2800 824
790 2758 972 2820 sequ.
996 2760 1011 2799 :

748 2863 966 2936 πόλιν
1020 2863 1482 2958 διημάθυνεν
1526 2860 1867 2961 Ἀργεῑον
1912 2863 2157 2953 δάκος,

748 2969 977 3038 ἵππου
1029 2966 1357 3056 νεοσσὸς,
1412 2963 1942 3088 ασπιδηφόρος
1984 2964 2196 3054 λεώς,

747 3066 1038 3160 πήδημ’
1064 3064 1391 3164 ὀρούσας
1440 3065 1644 3188 αμφὶ
1696 3064 2098 3139 Πλειάδων
2148 3065 2379 3138 δυ’σιν·

752 3167 1211 3267 υπερθοροὸν
1263 3167 1342 3240 δε
1392 3167 1683 3267 πύργον
1737 3167 2078 3263 ωμηστὴς
2127 3171 2319 3240 λέων

748 3269 933 3363 ἄδην
986 3274 1251 3356 ἔλειξεν
1286 3273 1617 3364 αἳματος
1670 3295 2128 3367 τυραννικου.

444 3408 672 3494 Imago
730 3410 907 3474 ferae
962 3434 1082 3496 per
1124 3423 1335 3475 totum
1381 3411 1602 3475 locum
1651 3410 2096 3486 continuatum
2142 3409 2355 3496 primo
2401 3408 2729 3472 exercitus

437 3508 730 3603 ⁴Graecus
796 3510 936 3575 fera
1001 3525 1255 3576 tantum
1325 3512 1583 3589 dicitur,
1650 3510 1824 3574 illius
1883 3511 2036 3596 equi
2079 3510 2287 3598 lignei
2331 3523 2572 3596 partus,
2620 3509 2731 3594 qui

445 3633 680 3675 occasu
726 3611 1167 3699 Vergiliarum
1212 3613 1444 3678 saltum
1480 3612 1689 3689 dedit3
1736 3612 1974 3675 deinde
2009 3636 2209 3698 quum
2242 3635 2498 3674 murum
2527 3624 2732 3674 trans-

446 3711 645 3791 siluit‚
691 3712 852 3778 haec
896 3714 1039 3778 fera
1081 3714 1345 3778 lednem
1389 3737 1457 3778 se
1490 3737 1632 3778 esse
1667 3713 1973 3791 ostendit,
2008 3713 2119 3799 qui
2150 3712 2469 3799 sanguine
2501 3734 2730 3797 regum

444 3836 513 3876 se
583 3814 791 3878 satiat.
902 3815 981 3879 In
1046 3816 1265 3881 verbis
1333 3806 1535 3909 ἀμφὶ
1602 3807 2005 3881 Πλειάδων
2068 3806 2277 3879 δύσιν
2336 3814 2729 3900 interpretes

442 3913 795 3980 haeserunt
834 3940 1049 4001 neque
1084 3940 1161 3980 ea
1190 3916 1345 3981 satis
1379 3916 1709 4002 explicare
1743 3927 2119 4002 potuerunt.
2189 3913 2523 4000 Vergiliae
2555 3936 2730 3990 vere,

436 4037 571 4101 ‘qua
613 4029 1004 4101 tempestate
1053 4018 1251 4102 Troja
1297 4030 1485 4104 capta
1531 4040 1674 4081 esse
1720 4017 2088 4103 putabatur,
2135 4028 2333 4079 noctu
2381 4038 2516 4078 non
2564 4015 2732 4079 occi-

445 4118 625 4181 dunt.
715 4118 927 4196 Quare
976 4117 1237 4204 quidam
1285 4119 1371 4204 (e.
1417 4141 1512 4204 gr.
1556 4115 1825 4182 Boeckh
1869 4116 1938 4178 in
1986 4116 2178 4204 Corp.
2222 4106 2426 4180 Inscr}
2459 4115 2611 4180 Vol.
2644 4115 2729 4179 II.

442 4241 505 4305 p.
550 4219 912 4304 328—330)
957 4218 1265 4283 audacius
1311 4232 1706 4284 nocturnum
1750 4230 2012 4303 tempus
2058 4231 2208 4283 ante
2251 4230 2463 4281 ortum
2497 4217 2733 4303 Vergi-
