3134 4842
2580 246 2656 307 11

450 407 616 470 tium
684 430 863 492 pono
932 407 1353 494 metaphorae
1398 430 1630 493 genus.
1717 408 1939 472 Etiam
1982 409 2054 472 in
2100 409 2419 496 allegoria
2459 432 2591 472 una
2633 410 2743 473 vel

449 508 670 594 plures
703 509 1203 573 enunciationes
1237 508 1331 573 sic
1363 508 1745 587 efferuntur,
1774 523 1849 574 ut
1879 510 2004 573 alia
2034 510 2131 574 vis
2162 509 2521 586 vocabulis,
2549 533 2741 594 quam

448 632 615 693 quae
664 632 892 673 eorum
937 610 1206 696 propria
1249 622 1367 688 est,
1415 610 1829 694 subjicienda
1873 611 1975 675 sit.
2042 610 2144 675 Eo
2179 624 2395 676 autem
2429 610 2744 675 differunt

451 710 582 773 duo
628 709 744 773 illa
785 732 1047 795 genera,
1095 710 1275 796 quod
1317 711 1387 773 in
1433 711 1765 796 explicata
1809 711 2193 798 metaphora
2236 711 2499 777 insertis
2549 734 2741 775 voca-

446 810 641 886 bulis,
711 833 874 895 quae
943 810 1025 875 ad
1088 834 1227 874 rem
1293 812 1626 898 propriam
1695 826 2013 897 spectant,
2079 813 2272 899 plane
2350 812 2738 890 ostenditur,

450 934 726 996 quorsus
796 911 1198 997 comparatio
1266 911 1615 976 referenda
1680 913 1793 987 sit;
1859 913 1929 976 in
1975 913 2291 999 allegoria
2335 912 2737 999 comparatio

446 1034 714 1098 prorsus
778 1011 941 1076 latet
1004 1024 1072 1076 et
1133 1012 1508 1098 legentibus
1576 1014 1999 1098 permittitur,
2066 1028 2138 1079 ut
2194 1037 2336 1077 eam
2393 1036 2479 1076 ex
2522 1037 2737 1077 rerum

446 1126 769 1176 contextu
815 1113 1235 1197 conjiciendo
1281 1113 1645 1190 inveniant,
1676 1126 2008 1200 tamquam
2040 1115 2096 1177 si
2128 1115 2431 1200 aenigma
2460 1114 2737 1179 solvant.

447 1212 641 1291 Quod
708 1213 975 1298 quidem
1038 1215 1257 1299 ipsum
1323 1237 1570 1277 nomen
1638 1214 1990 1301 allegoriae
2048 1215 2203 1280 satis
2251 1215 2569 1290 declarat3
2616 1215 2741 1278 alia

444 1313 623 1377 enim
687 1314 758 1377 in
803 1337 882 1376 ea
924 1314 1086 1378 dicit
1131 1314 1364 1400 aliquis
1432 1307 1912 1402 (ἀλληγορεῖ),
1981 1339 2174 1401 quam
2243 1339 2407 1401 quae
2452 1316 2739 1401 intelligi

445 1414 625 1478 velit.
713 1414 929 1492 Quum
975 1414 1333 1479 Homerica
1363 1416 1651 1479 carmina
1679 1416 1936 1480 nullum
1968 1417 2321 1502 allegoriae
2357 1416 2738 1502 exemplum

443 1515 891 1601 suppeditent,
936 1516 1071 1578 vim
1119 1517 1262 1600 ejus
1296 1530 1364 1580 et
1408 1517 1486 1580 ab
1519 1516 1850 1602 explicata
1879 1517 2265 1603 metaphora
2297 1516 2737 1581 differentiam

443 1616 768 1702 exemplis
836 1639 922 1679 ex
987 1615 1325 1701 Aeschylo
1393 1618 1672 1704 sumptis
1734 1618 2059 1682 declarare
2109 1619 2417 1682 conabor.
2509 1618 2736 1704 Suppl.

447 1718 568 1780 760
611 1709 775 1782 ἀλλ’
830 1716 979 1783 ἔστι
1035 1711 1250 1809 φήμη
1304 1712 1477 1794 τοὺς
1525 1712 1799 1795 λύκους
1848 1718 2230 1810 κρείσσους
2273 1719 2521 1785 κυνῶν
2556 1709 2737 1784 εἶναι

442 1824 669 1904 aperte'
734 1818 1049 1904 allegoria
1119 1832 1237 1882 est.
1324 1819 1507 1883 Dicit
1560 1819 1737 1882 enim
1783 1833 1983 1906 poeta
2024 1819 2218 1905 lupos
2266 1819 2536 1883 canibus
2580 1820 2738 1883 vali-

444 1917 662 1982 diores
709 1942 873 1995 esse,
921 1919 1037 1982 scd
1080 1919 1234 1983 huic
1280 1920 1647 1983 sententiae
1696 1921 1888 1983 aliam
1919 1920 2398 2004 subjiciendam
2427 1943 2569 1984 esse
2599 1920 2735 1983 vim

442 2032 510 2083 et
553 2018 722 2083 hanc
755 2020 1042 2104 quidem,
1073 2034 1148 2084 ut
1177 2020 1413 2106 Argivi
1443 2019 1619 2084 filios
1656 2021 1954 2108 Aegypti
1980 2020 2372 2085 fortitudine
2404 2034 2734 2107 superent,
2791 2077 2796 2082 .

439 2142 639 2183 nemo
685 2143 822 2184 non
890 2121 1110 2198 sentit,
1158 2144 1549 2206 quamquam
1594 2121 1665 2186 id
1706 2145 2121 2207 nequaquam
2164 2122 2326 2208 ipsis
2379 2122 2595 2186 verbis
2639 2122 2734 2185 in-

442 2220 714 2285 dicatur.
803 2220 932 2285 Sed
1004 2244 1205 2306 quum
1270 2224 1400 2308 Ag.
1470 2224 1634 2286 1005
1702 2222 1893 2287 dicit:
1938 2216 2229 2307 πότμος
2279 2215 2739 2310 εὐθυπορῶν

441 2312 716 2410 ἀνδρὸς
766 2320 1062 2388 ἔπαισεν
1091 2321 1439 2417 ἄφαντον
1473 2320 1686 2412 ἓᾯμα,
1732 2323 2117 2409 metaphora
2152 2323 2479 2409 explicata
2508 2323 2734 2400 utitur,

441 2422 598 2506 quia
637 2446 802 2487 voce
848 2417 1158 2509 πότμος,
1208 2447 1337 2509 quo
1384 2424 1745 2510 imaginem
1788 2423 1998 2488 illisae
2029 2424 2216 2488 navis
2248 2425 2518 2488 relatam
2552 2424 2733 2501 velit,

443 2521 636 2608 plane
683 2525 1011 2588 enunciat.
1098 2525 1301 2588 Recte
1355 2523 1486 2587 iam
1533 2524 1979 2602 Quintilianus
2023 2538 2099 2589 ut
2129 2524 2481 2610 allegoriae
2515 2547 2735 2588 exem·

443 2623 627 2708 plum
671 2624 861 2689 affert
922 2625 1414 2689 nobilissimum
1469 2624 1637 2689 illud
1691 2625 1952 2689 Horatii
1998 2647 2281 2702 carmen,
2324 2624 2394 2687 in
2442 2648 2572 2709 quo
2629 2626 2737 2689 de-

443 2724 688 2801 scribit,
736 2725 1072 2811 quomodo
1106 2726 1291 2789 navis
1322 2738 1714 2811 tempestate
1739 2727 2058 2811 jactetur3
2096 2724 2282 2788 nullo
2316 2725 2495 2789 enim
2528 2726 2731 2790 verbo

442 2824 769 2911 significat
813 2850 882 2890 se
930 2826 1010 2890 de
1071 2826 1334 2891 civitate
1381 2825 1661 2912 cogitari
1704 2826 1898 2890 velle.
1984 2825 2224 2891 Nimis'
2247 2838 2420 2890 arcte
2469 2826 2733 2912 quidam

436 2925 574 2989 vim
617 2927 971 3012 allegoriae
1039 2926 1384 3005 definiunt,
1451 2950 1655 3013 quum
1722 2928 1865 3012 ejus
1907 2928 2251 3013 proprium
2296 2949 2439 2991 esse
2484 2926 2733 3004 dicunt,

439 3027 618 3112 quod
662 3027 744 3091 ad
770 3041 1199 3114 praeceptum
1229 3027 1499 3114 aliquod
1525 3028 1919 3093 tradendum
1951 3042 2224 3114 spectet.
2273 3027 2440 3091 Nam
2476 3027 2734 3092 etiamsi
2835 3057 2840 3061 ·

437 3128 725 3191 maxime
791 3129 862 3192 in
929 3129 1321 3214 quibusdam
1386 3129 1609 3214 poesis
1677 3128 2036 3192 didacticae
2104 3128 2479 3214 generibus,
2546 3141 2622 3193 ut
2662 3128 2733 3192 in

439 3228 828 3314 aenigmate,
883 3229 1211 3316 parabola,
1271 3229 1511 3307 fabula,
1558 3229 1925 3307 adhibetur,
1970 3242 2191 3293 tamen
2236 3252 2393 3294 usus
2440 3230 2583 3314 ejus
2628 3228 2732 3293 his

437 3328 679 3393 finibus
749 3353 888 3394 non
942 3331 1339 3408 continetur,
1399 3330 1516 3395 sed
1558 3330 1755 3395 latius
1801 3342 1985 3416 patet
2026 3352 2243 3415 neque
2291 3330 2370 3394 ab
2414 3329 2553 3393 ullo
2602 3353 2733 3394 car·

438 3429 691 3494 minum
736 3453 979 3516 genere
1027 3431 1281 3496 alienus
1327 3444 1446 3495 est.

607 3531 935 3617 Sequitur,
992 3545 1068 3596 ut
1112 3532 1406 3610 doceam,
1453 3531 1613 3617 quid
1655 3530 1831 3594 inter
1873 3553 1944 3595 se
1989 3528 2297 3595 differant
2346 3529 2731 3616 metaphora

434 3644 505 3696 et
549 3632 972 3707 catachresim
1039 3654 1204 3717 quae
1274 3646 1592 3719 cognatae
1659 3644 1813 3695 sunt
1863 3630 2015 3694 illae
2083 3631 2371 3715 quidem,
2418 3644 2493 3694 ut
2536 3653 2729 3716 saepe

437 3731 760 3796 confundi
828 3733 1104 3810 soleant,
1178 3733 1294 3797 sed
1370 3732 1569 3797 etiam
1636 3732 1953 3795 diversae.
2062 3732 2348 3818 Antiqui
2431 3731 2728 3795 rhetores

436 3832 792 3897 discrimen
815 3856 1039 3896 earum
1075 3834 1279 3919 vulgo
1311 3834 1404 3898 ita
1435 3832 1827 3908 statuebant,
1859 3844 1933 3895 ut
1958 3832 2255 3896 dicerent
2277 3830 2729 3917 metaphoram

436 3955 580 3998 esse
646 3934 1042 3998 vocabulum
1112 3958 1149 3997 a
1212 3934 1364 3999 loco
1434 3956 1553 3998 suo
1621 3933 1692 3997 in
1739 3955 1883 3995 eam
1928 3933 2275 3996 notionem
2320 3932 2728 4010 translatum,

437 4057 630 4119 quam
699 4035 897 4098 etiam
962 4035 1234 4121 proprio
1301 4034 1574 4099 nomine
1631 4022 1971 4120 ‘appellare
2026 4033 2277 4111 liceret,
2324 4032 2730 4098 catachresin

434 4136 777 4212 exsistere,
839 4158 1040 4220 quum
1087 4159 1164 4198 ea
1206 4159 1330 4213 res,
1377 4135 1458 4228 ad
1505 4157 1700 4220 quam
1744 4134 2085 4198 translatio
2134 4135 2305 4197 facta
2349 4146 2542 4209 esset,
2586 4133 2732 4220 ipsa

434 4236 704 4323 proprio
749 4235 1022 4299 nomine
1057 4250 1325 4301 careret.
1405 4236 1514 4301 Sic
1545 4234 1819 4322 Trypho
1851 4230 2018 4326 περὶ
2049 4228 2354 4325 τρόπων
2387 4233 2727 4320 (Spengel,
