3134 4842
449 194 488 258 8

364 358 740 425 rhetoribus
786 382 872 424 ex
908 360 1233 425 .Homero
1280 382 1552 425 sumam.
1640 360 2042 425 Universum
2086 360 2291 446 igitur
2334 383 2542 446 genus
2587 361 2659 424 in

367 460 527 524 duas
572 473 788 547 partes
836 460 1170 539 dividitur,
1218 484 1491 546 quarum
1534 484 1668 525 una
1709 461 1790 525 iis
1831 461 2229 548 imaginibus
2263 461 2661 541 continetur,

364 561 436 624 in
483 562 720 646 quibus
766 562 1130 625 secundum
1184 562 1696 648 comparationis
1741 563 2111 627 membrum
2143 564 2330 648 juxta
2374 562 2659 648 primum

366 662 655 747 ponitur,
700 662 1090 748 plerumque
1137 663 1447 748 adjuncta
1488 663 1811 749 particula
1845 664 2297 749 comparativa
2343 663 2452 726 vel
2509 663 2663 741 alio,

369 784 532 847 quae
581 763 666 826 sit
707 762 882 827 inter
925 786 1003 826 ea
1044 763 1234 841 rati0,
1280 763 1651 827 declarante
1682 764 2007 828 vocabulo
2026 789 2042 840 ;
2088 763 2290 827 altera
2329 776 2548 828 autem
2577 764 2663 827 iis

368 863 768 942 continetur,
832 862 905 927 in
971 864 1207 949 quibus
1254 864 1619 928 secundum
1655 887 1779 950 pro
1820 864 2035 951 primo
2081 865 2371 951 ponitur,
2414 877 2490 928 ut
2531 863 2663 928 hoc

318 964 586 1050 ⁸verbis
656 987 794 1027 non
860 963 1272 1043 enuncietur,
1340 965 1458 1028 sed
1521 977 1779 1029 tantum
1836 964 2183 1050 cogitetur.
2274 965 2405 1029 Sed
2462 964 2664 1028 etiam

368 1064 464 1129 sic
517 1087 673 1128 vera
717 1065 1118 1151 comparatio
1167 1065 1451 1143 exsistit,
1496 1065 1552 1129 si
1598 1065 1864 1149 quidem
1909 1065 2036 1129 alia
2075 1088 2202 1143 res,
2248 1088 2442 1150 quam
2495 1088 2660 1150 quae

369 1165 545 1229 dicta
588 1178 706 1243 est,
752 1165 972 1229 animo
1037 1165 1374 1252 loquentis
1436 1165 1545 1229 vel
1589 1166 1935 1230 scribentis
1984 1166 2383 1230 obversatur.
2471 1166 2665 1230 Prius

367 1288 578 1351 genus
624 1265 989 1330 similitudo
1055 1267 1165 1330 vel
1220 1266 1433 1330 simile
1477 1266 1713 1330 Latine
1761 1266 2017 1330 dicitur.
2104 1266 2183 1329 In
2229 1266 2663 1330 similitudine

369 1379 482 1430 aut
510 1390 718 1429 unum
749 1380 861 1431 aut
890 1366 1032 1448 ‘duo
1066 1380 1178 1431 aut
1205 1368 1396 1454 plura
1421 1367 1618 1431 tertia
1647 1367 2154 1453 comparationis
2187 1390 2329 1431 esse
2361 1379 2663 1453 possunt.

372 1466 441 1531 Si
487 1467 851 1531 similitudo
897 1490 1104 1532 unum
1159 1468 1427 1532 tertium
1472 1468 1984 1554 comparationis
2029 1466 2245 1546 habet,
2292 1491 2369 1531 ea
2419 1479 2531 1531 aut
2572 1467 2669 1530 ita

371 1567 784 1632 conformata
848 1590 991 1632 esse
1058 1580 1299 1655 potest,
1364 1581 1440 1632 ut
1503 1568 1619 1646 rei,
1689 1591 1853 1654 quae
1917 1568 2306 1633 illustranda
2348 1581 2467 1646 est,
2513 1567 2668 1631 sim-

368 1668 638 1756 plicitur
682 1682 1050 1756 apponatur
1091 1692 1339 1733 nomen
1386 1669 1550 1756 alius
1596 1669 1711 1746 rei,
1760 1692 2038 1755 quacum
2070 1670 2441 1745 confertur3
2480 1668 2672 1732 velut

370 1763 418 1836 ὃ
462 1762 871 1835 δ’ἐναντίον
945 1753 1176 1855 ὦρτο,
1228 1768 1424 1836 λέων
1485 1764 1619 1847 ὥ’ς;
1665 1782 1778 1833 aut
1819 1770 1930 1848 ita,
1974 1783 2049 1834 ut
2090 1770 2253 1834 haec
2295 1770 2440 1856 ipsa
2490 1792 2667 1833 com-

370 1869 729 1957 parationis
775 1894 971 1935 causa
996 1871 1179 1934 illata
1203 1894 1308 1935 res
1347 1871 1615 1935 uberius
1645 1870 2033 1956 explicetur,
2066 1870 2304 1934 additis
2337 1869 2667 1933 attributis

369 1970 480 2035 vel
523 1971 721 2034 etiam
764 1971 925 2035 totis
992 1970 1593 2049 enunciationibus,
1660 1994 1826 2056 quae
1884 1971 1965 2034 ad
2027 1993 2170 2034 eam
2217 1969 2667 2034 exornandam

373 2084 442 2136 et
492 2071 754 2157 plenius
801 2071 1287 2159 depingendam
1331 2073 1727 2160 pertineant,
1771 2071 1842 2134 in
1889 2071 2092 2135 altera
2134 2083 2356 2135 autem
2398 2094 2467 2134 re
2499 2069 2670 2134 nihil

373 2172 676 2250 habeant,
722 2173 902 2258 quod
945 2173 1362 2259 respondeat.
1429 2172 1648 2257 Hujus
1695 2171 1955 2257 generis
2003 2185 2157 2235 sunt
2185 2171 2504 2258 plurimae
2529 2170 2671 2234 Ho-

375 2273 655 2337 mericae
724 2273 1212 2351 similitudines,
1281 2295 1444 2357 quae
1510 2273 1753 2336 talibus
1817 2285 2151 2357 tamquam
2211 2272 2443 2336 otiosis
2490 2271 2672 2335 addi-

371 2374 683 2439 tamentis
752 2397 946 2460 saepe
1013 2374 1084 2437 in
1151 2373 1509 2437 multorum
1576 2396 1886 2436 versuum
1954 2372 2238 2461 spatium
2294 2372 2670 2438 dilatantur.

372 2473 775 2561 Exemplum
820 2498 1027 2539 unum
1073 2498 1159 2538 ex
1203 2474 1426 2538 multis
1475 2473 1562 2538 sit
1603 2474 1681 2538 Il.
1728 2475 1829 2552 15,
1874 2476 2000 2539 323
2046 2497 2235 2560 sequ:

527 2626 607 2692 οἱ
654 2618 761 2710 δ’,
819 2617 995 2691 ὥστ’
1050 2617 1132 2714 ἠὲ
1181 2623 1398 2707 βοῶν
1450 2618 1725 2715 ἀγέλην
1777 2619 1822 2714 ἢ
1871 2627 2046 2693 πῶυ
2094 2618 2259 2715 μέγ’
2313 2624 2498 2692 οἰῶν

530 2723 726 2816 θῆρε
770 2720 927 2792 δύω
981 2725 1341 2793 κλονέωσι
1387 2725 1742 2813 μελαίνης
1792 2720 2057 2803 νυκτὸς
2108 2719 2451 2815 ἀμολγῷ,

528 2819 828 2894 ἐλθόντ’
883 2822 1219 2916 ἐξαπίνης
1271 2821 1742 2917 σημάντορος
1794 2820 1887 2893 οὐ
1939 2821 2372 2917 παρεόντος,

529 2924 632 3005 (ὃς
683 2922 1078 3023 ἐφόβηθεν
1122 2921 1414 3016 Ἀχαιοὶ
1464 2921 1870 3004 ἀνάλκιδες.

379 3080 654 3164 Trojani
721 3077 1005 3144 Graecos
1072 3079 1325 3166 fugant,
1392 3093 1467 3143 ut
1533 3080 1698 3142 duae
1754 3078 1931 3142 ferae
1989 3100 2258 3164 gregem
2312 3077 2515 3140 boum
2562 3076 2674 3140 vel

378 3180 625 3244 ovium.
714 3181 845 3245 Sed
912 3181 1090 3265 quod
1134 3181 1413 3259 additur,
1458 3180 1529 3243 id
1570 3180 1643 3242 in
1685 3179 1976 3244 tenebris
2022 3178 2238 3243 noctis
2290 3176 2454 3255 fieri,
2499 3176 2674 3242 feras

374 3282 598 3345 subito
685 3280 1028 3345 advenisse
1105 3295 1367 3367 pastore
1447 3282 1738 3357 absente,
1816 3280 1886 3344 id
1950 3279 2134 3343 nullo
2194 3279 2321 3342 alio
2388 3278 2673 3342 consilio

379 3382 638 3458 dicitur,
685 3404 879 3466 quam
944 3396 1019 3445 ut
1081 3382 1367 3445 ferarum
1411 3381 1952 3466 persequentium
1997 3381 2203 3466 magis
2252 3402 2564 3465 expressa
2608 3392 2679 3443 et

377 3495 711 3567 tamquam
754 3505 1064 3569 praesens
1093 3483 1313 3568 imago
1359 3495 1507 3545 ante
1543 3482 1774 3546 oculos
1805 3494 2119 3568 ponatur;
2147 3504 2299 3545 nam
2332 3480 2413 3543 de
2446 3480 2675 3565 Troja-

378 3584 482 3648 nis
531 3583 815 3647 Graecos
882 3582 1263 3669 fugantibus
1329 3581 1517 3659 nihil,
1588 3582 1768 3668 quod
1833 3582 2046 3647 simile
2095 3582 2198 3660 sit,
2255 3581 2385 3645 dici
2427 3594 2673 3667 potest.

379 3683 489 3747 Ex
533 3684 790 3748 duobus
844 3683 976 3748 illis
1022 3684 1396 3769 generibus,
1450 3683 1519 3745 in
1569 3705 1732 3768 quae
1779 3683 2247 3747 similitudines
2291 3704 2499 3745 unum
2542 3694 2678 3745 ter-

379 3786 546 3849 tium
615 3785 1123 3870 comparationis
1188 3784 1506 3849 habentes
1553 3784 1918 3861 divisimus,
1963 3784 2144 3870 prius
2186 3783 2511 3867 simplice-3,
2555 3806 2677 3870 po-

383 3886 620 3951 sterius
685 3885 1018 3970 eoeplicatas
1083 3886 1411 3971 appellare
1477 3885 1656 3949 licet.
1766 3885 1897 3948 Sed
1964 3896 2117 3948 sunt
2183 3883 2379 3946 etiam
2446 3883 2678 3947 simili-

382 3986 668 4064 tudine8‚
738 4008 902 4070 quae
972 3986 1102 4050 duo
1170 3986 1278 4049 vel
1344 3986 1533 4073 plura
1575 3986 1771 4049 tertia
1815 4009 2029 4072 comp.
2075 3984 2340 4062 habent,
2385 3997 2461 4049 ut
2504 3985 2670 4048 duae

384 4110 498 4151 eae
565 4110 689 4165 res,
763 4110 928 4172 quae
995 4086 1447 4165 conseruntur,
1512 4087 1663 4173 plus
1710 4110 1903 4172 quam
1951 4109 2081 4149 una
2121 4085 2377 4150 ratione
2425 4084 2673 4150 similes

382 4188 534 4253 sint.
601 4188 781 4268 Quae
827 4211 1029 4273 quum
1074 4189 1262 4275 plura
1303 4189 1501 4253 etiam
1544 4189 1747 4253 verba
1775 4187 2171 4264 desiderent,
2198 4185 2269 4250 id
2299 4186 2676 4262 discrimen,
