3134 4842
556 179 641 242 96

779 335 1059 427 ὀτοτοῖ,
1112 337 1381 410 Λύκει’
1422 341 1825 429 Ἄπολλον,
1881 341 1962 411 οἲ
2004 340 2154 435 ἐγὼ
2209 341 2382 435 ἐγώ.

778 438 965 533 αὕτη
1020 441 1275 522 δίπους
1324 446 1581 513 λέαινα
1635 447 2201 535 συγκοιμωμένη

775 541 1002 635 λύκῳ,
1053 544 1355 624 λέοντος
1407 540 1750 641 εὐγενοῦς
1801 540 2148 636 ἀπουσίᾳ,

774 653 1014 714 κτενεῖ
1047 668 1146 733 με
1201 643 1332 736 τὴν
1390 642 1767 716 τάλαιναν.

468 780 784 845 Ceterum
849 782 1180 845 neminem
1247 782 1420 869 fugit
1481 782 1908 846 Cassandram
1966 784 2181 848 verbis
2229 786 2508 869 quodam
2559 785 2757 848 modo

468 882 832 959 ludentem,
880 905 1081 967 quum
1138 884 1335 947 modo
1378 875 1726 950 Ἀπόλλω
1789 877 2105 950 Λύκειον
2154 885 2580 964 invocaverit,
2626 886 2757 948 iam

475 983 870 1069 Aegisthum
916 1007 1064 1047 cum
1109 984 1265 1069 lupo
1313 1007 1706 1070 comparare.
1792 984 2181 1071 Cognomen
2216 980 2547 1069 Λύκειος,
2579 987 2755 1073 quod

473 1084 903 1170 probabiliter
946 1108 982 1147 a
1024 1085 1241 1149 radice
1285 1083 1444 1167 λυκ,
1489 1086 1703 1172 lucere,
1752 1084 2018 1149 ductum
2067 1099 2184 1163 est,
2228 1087 2428 1174 vulgo
2476 1112 2510 1152 a
2553 1081 2756 1174 λύκῳ

474 1187 894 1273 repetebatur
951 1197 1018 1248 et
1061 1185 1382 1271 Apollini,
1431 1186 1583 1271 quia
1625 1186 1914 1270 luporum
1958 1188 2325 1272 interfector,
2369 1192 2603 1269 pecoris
2645 1191 2755 1253 de-

461 1288 685 1384 fensor
731 1298 921 1362 esset,
966 1286 1248 1350 inditum
1297 1309 1439 1350 esse
1486 1287 1852 1374 putabatur,
1901 1310 2062 1372 quae
2112 1289 2429 1353 derivatio
2476 1290 2582 1353 hic
2625 1291 2755 1353 Ae-

468 1386 703 1472 schylo
775 1388 1175 1450 obversatur.
1296 1386 1660 1451 Cassandra
1725 1388 2017 1472 queritur
2081 1389 2482 1475 Apollinem,
2553 1413 2753 1475 quum

471 1489 778 1573 luporum
825 1488 909 1551 sit
951 1487 1356 1573 interfector,
1403 1511 1472 1551 se
1517 1501 1740 1551 tamen
1786 1489 1865 1553 ab
1911 1488 2037 1554 hoc
2083 1489 2418 1575 lupo'non
2449 1491 2638 1555 tueri.
2670 1530 2758 1540 —

470 1589 578 1652 Fr.
647 1590 728 1653 33
796 1588 1027 1673 aliquis
1087 1588 1373 1652 abstrahi
1419 1588 1656 1652 dicitur
1713 1589 1946 1652 eodem
1991 1591 2211 1667 mod0,
2259 1614 2388 1675 quo
2437 1592 2567 1655 duo
2612 1593 2755 1679 lupi

468 1689 861 1753 ,hinnuleum
907 1689 1158 1753 ferunt:

774 1812 1014 1891 εἷλκον
1066 1816 1309 1889 δ’ἄνω
1361 1818 1706 1911 λυκηδὸν,
1763 1817 1955 1891 ὥστε
1997 1818 2291 1891 διπλόοι

774 1918 985 1991 λύκοι
1039 1918 1310 2015 νεβοὸν
1364 1924 1725 2020 φέρουσιν
1777 1918 1978 2021 ἀμφὶ
2022 1919 2466 2013 μασχάλαις.

469 2059 573 2123 De
644 2059 869 2146 Suppl.
926 2061 1074 2123 760:
1143 2051 1328 2125 ἀλλ’
1355 2058 1504 2125 ἔστι
1559 2053 1773 2153 φήμη
1829 2080 2005 2135 τους
2052 2053 2345 2135 λύκους
2374 2061 2749 2150 κρεισσους

470 2179 715 2225 κυνωυ
769 2147 949 2225 εἶναι
1003 2158 1175 2223 infra
1218 2161 1533 2224 dicemus

640 2265 668 2345 ξ
715 2263 812 2325 20.
900 2261 1007 2323 Ex
1072 2261 1323 2323 canibus
1385 2274 1451 2324 et
1496 2284 1723 2324 eorum
1769 2275 1999 2325 natura
2042 2284 2343 2348 magnam
2388 2263 2743 2348 imaginum

388 2353 400 2372 '
464 2363 727 2448 copiam
794 2361 1158 2448 profectam
1226 2384 1367 2425 esse
1427 2384 1560 2425 non
1608 2375 1707 2425 est
1752 2362 1929 2447 quod
1974 2363 2303 2441 miremur,
2352 2386 2552 2447 quum
2598 2386 2749 2427 con—

464 2476 602 2527 stet
664 2463 794 2527 iam
861 2462 1329 2547 antiquissimis
1387 2453 1818 2549 temporibus,
1877 2463 1956 2526 de
2016 2463 2249 2548 quibus
2297 2464 2541 2548 aliquid
2590 2464 2751 2528 certi

466 2564 796 2642 novimus,
843 2587 1036 2628 canes
1081 2564 1253 2626 inter
1298 2563 1548 2627 cicures
1596 2564 1837 2627 bestias
1886 2563 2281 2628 Graecorum
2312 2564 2534 2627 fuisse.
2609 2565 2750 2626 Iam

460 2666 752 2729 carmina
797 2664 1151 2737 Homerica
1192 2664 1382 2728 nobis
1427 2664 1676 2728 indicio
1723 2679 1894 2741 sunt,
1942 2688 2132 2749 quam
2178 2664 2483 2749 frequens
2517 2687 2749 2727 eorum

464 2788 621 2829 usus
691 2766 891 2828 fuerit
959 2787 1281 2850 quamque
1348 2765 1529 2827 varia
1591 2765 1667 2828 ad
1717 2765 1984 2850 negotia
2030 2766 2160 2829 sint
2206 2765 2502 2840 adhibiti,
2546 2778 2621 2828 ut
2666 2766 2747 2828 ad

461 2867 841 2930 venandum
873 2861 970 2950 l),·
996 2866 1076 2928 ad
1122 2866 1391 2928 domum
1441 2879 1506 2928 et
1549 2869 1783 2951 greges
1831 2866 2298 2929 custudiendos
2331 2859 2402 2948 ²),
2448 2865 2644 2930 etiam
2678 2880 2751 2929 ut

468 2969 643 3031 viros
691 2966 1041 3053 principes,
1088 2988 1285 3050 quum
1316 2966 1385 3028 in
1420 2966 1756 3051 publicum
1789 2966 2148 3051 prodirent,
2181 2967 2651 3030 comitarentur
2677 2961 2745 3043 3).

468 3069 577 3132 Ad
642 3068 804 3131 haec
867 3068 1069 3153 igitur
1135 3089 1367 3130 canum
1422 3080 1753 3151 tamquam
1799 3090 2072 3130 munera
2115 3081 2181 3130 et
2225 3066 2303 3128 ad
2350 3088 2462 3129 eos
2511 3089 2741 3141 moreS,

468 3170 580 3255 qui
647 3192 873 3233 eorum
939 3166 1189 3254 proprii
1245 3166 1653 3243 videbantur,
1705 3190 1929 3230 omnes
1975 3166 2414 3231 transferendi
2460 3169 2741 3232 rationes

461 3285 623 3335 sunt
662 3269 1111 3333 revocandae.
1221 3269 1323 3330 Ac
1389 3266 1668 3353 primum
1739 3269 1916 3332 canis
1984 3267 2342 3343 venaticus,
2401 3269 2587 3351 cujus
2651 3281 2751 3331 est

467 3372 674 3435 feram
743 3370 1020 3446 odorari,
1088 3369 1169 3432 ad
1235 3391 1384 3431 eum
1451 3368 1912 3432 illustrandum
1978 3367 2284 3454 pertinet,
2342 3368 2454 3452 qui
2501 3368 2744 3451 aliquid

461 3472 786 3558 sagaciter
849 3470 1220 3555 investigat.
1329 3469 1428 3532 Ita
1494 3471 1623 3553 Ag.
1694 3470 1855 3533 1093
1913 3468 2292 3545 Cassandra,
2340 3491 2503 3553 quae
2550 3490 2617 3530 se
2665 3467 2746 3529 ad

467 3573 733 3636 domum
801 3571 1297 3657 parricidiorum
1366 3569 1697 3633 consciam
1766 3570 2026 3633 venisse
2094 3569 2505 3645 exclamavit,
2567 3568 2745 3632 canis

462 3675 667 3738 instar
711 3695 911 3758 sagax
956 3694 1098 3736 esse
1146 3684 1213 3734 et
1257 3671 1527 3734 caedem
1574 3671 1835 3733 odorari
1880 3671 2147 3734 dicitur:

866 3789 1096 3856 ἔοικεν
1148 3784 1344 3878 εὔρις
1394 3783 1436 3875 ἡ
1493 3787 1654 3908 ξένη
1705 3782 1925 3864 κυνὸς
1978 3783 2179 3873 δίκην

867 3877 1046 3955 εἶναι
1092 3882 1397 3975 ματεύει
1451 3881 1532 3953 δ’
1542 3909 1649 3954 ων
1700 3882 2077 3976 ανευρήσει
2128 3880 2391 3979 φόνον.

608 4039 648 4100 ¹)
688 4040 781 4087 od.
820 4039 897 4097 17,
937 4039 1047 4085 294.

601 4123 648 4185 2)
686 4124 747 4171 11.
785 4123 862 4182 18,
902 4123 1015 4173 578.

601 4206 647 4265 3>
687 4209 778 4256 od.
819 4210 862 4266 2,
904 4209 984 4260 11:
1026 4207 1102 4264 18,
1143 4208 1226 4263 623
1267 4206 1345 4262 20,
1389 4206 1499 4254 145.
