3134 4842
514 231 593 293 22
961 150 988 200 '.
1116 146 1205 205 ,Ἀ
1338 214 1365 242 ι
1406 214 1469 229 ⁸-
1859 188 2066 227 2
2101 152 2120 175 ⁸

427 395 671 482 phorae
717 411 934 484 partes
981 369 1498 464 constituerunt·
1545 398 1818 485 Trypho
1850 396 2015 492 περὶ
2045 394 2350 489 ,τρόπων
2380 403 2719 489 (Spengel,

429 496 750 562 Rhetores
778 497 1010 565 Graeci
1033 499 1133 563 III
1156 521 1218 586 p.
1247 500 1395 584 192)
1421 519 1698 587 γινεται
1723 493 1870 565 δὲ(
1830 521 1873 587 η
1861 496 2300 617 μεταφορὰ
2326 505 2718 620 τνετραχσῦς,

427 591 579 664 απὸ
625 592 985 688 ἐμψύχων
1028 582 1143 667 ἐπὶ
1186 599 1588 689 ἔμψυχα-
1587 591 1803 683 ,ἀπὸ
1836 592 2158 690 ἀψύχων
2187 596 2302 668 ἐπὶ
2331 599 2717 692 ἄψυχα-,

331 695 350 705 ‘
428 690 581 765 ἀπὸ
634 693 994 790 εμψύχων
1044 694 1158 766 ἐπὶ
1210 697 1575 789 ἄψυχα-
1574 749 1597 784 ,
1654 692 1807 767 ἀπὸ
1859 693 2183 790 ἀψύχων
2233 696 2347 769 ἐπὶ
2397 702 2718 793 ἔμψυχα.

430 793 652 878 Quint.
698 800 857 864 Inst.
905 799 1081 864 Orat.
1128 802 1186 879 8,
1234 803 1291 878 6,
1339 802 1397 879 9,
1445 802 1543 864 10.
1630 802 1711 865 In
1757 802 2021 866 easdem
2067 816 2282 889 partes
2315 804 2511 867 etiam
2545 805 2720 868 simi-

425 900 742 965 litudines
788 901 1180 965 distribuere
1225 901 1402 966 licet.
1486 902 1710 966 Facile
1758 903 1935 966 enim
1981 917 2253 990 apparet
2294 905 2730 990 partitionem»

425 1001 606 1064 illam
663 1001 756 1064 ita
820 1025 961 1065 esse
1019 1016 1481 1089 comparatam,
1541 1016 1617 1067 ut
1657 1004 1858 1080 nulla,
1900 1004 2072 1089 'quae
2118 1004 2265 1068 fieri
2310 1005 2716 1091 cogitarique

426 1102 654 1187 possit,
699 1101 917 1187 imago
966 1125 1042 1166 ea
1085 1126 1220 1166 non
1267 1105 1703 1168 contineatur.
1794 1104 2005 1183 Quare
2051 1104 2425 1191 plerosque,
2474 1106 2586 1191 qui
2638 1106 2718 1170 de

424 1202 821 1288 imaginibus
868 1203 1288 1289 scripserunt,
1335 1227 1479 1268 eam
1526 1218 1787 1268 secutos
1835 1228 1978 1269 esse
2022 1205 2240 1268 video,
2315 1205 2448 1269 Sed
2500 1229 2721 1291 quum,

426 1303 482 1366 si
549 1325 691 1366 eam
760 1325 1130 1388 sequemur,
1188 1294 1561 1369 necessario
1605 1306 1902 1369 futurum
1948 1306 2051 1384 sit,
2097 1319 2172 1370 ut
2215 1329 2331 1370 eae
2376 1307 2721 1392 imagines,

428 1426 592 1488 quae
639 1404 718 1468 ab
767 1403 1007 1468 eodem
1047 1427 1265 1469 rerum
1295 1428 1538 1491 genere
1573 1405 2002 1492 depromptae
2034 1420 2205 1483 sunt,
2243 1420 2627 1493 separentur
2657 1421 2725 1472 et

426 1503 842 1582 divellantur,
900 1505 1136 1569 melius
1183 1505 1405 1569 duxi
1387 1529 1458 1568 1n
1505 1506 1950 1620 disputatione
1996 1529 2144 1570 mea
2189 1507 2266 1571 ab
2311 1507 2426 1570 illa
2466 1507 2724 1593 vulgari

427 1604 768 1668 dividendi
811 1605 1088 1676 ratione
1115 1587 1455 1670 discedere
1503 1620 1571 1670 et
1612 1601 1933 1692 imagines
1980 1607 2303 1693 Aeschyli
2346 1608 2439 1671 ita
2483 1608 2723 1672 descri-

424 1704 600 1783 bere,
667 1719 741 1770 ut
803 1706 874 1770 id
938 1706 1148 1771 solum
1215 1707 1585 1793 respiciam,
1651 1730 1691 1770 a
1740 1709 1963 1792 quibus
2004 1709 2182 1772 rebus
2227 1721 2537 1794 sumptae
2571 1710 2722 1773 sint.

427 1805 635 1884 Quam
705 1808 788 1871 ob
855 1830 995 1871 rem
1060 1831 1461 1894 magnopere
1529 1807 1850 1872 interesse
1919 1809 2177 1872 credam
2249 1809 2572 1895 imagines
2643 1811 2721 1874 ab

424 1906 662 1970 iisdem
714 1908 824 1971 vel
867 1907 1166 1972 finitimis
1211 1909 1413 1999 rebus
1454 1921 1745 1994 sumptas
1790 1932 1923 1971 uno
1968 1909 2037 1972 in
2087 1923 2449 1996 conspectu
2492 1910 2722 1985 videri,

419 2008 557 2090 jam
600 2008 822 2093 paullo
867 2009 1136 2077 uberius
1183 2022 1285 2072 est
1329 2009 1818 2123 explicandum.

448 2106 459 2121 ‘
597 2099 806 2193 Supra
871 2108 1133 2172 ostendi
1189 2110 1324 2172 vim
1369 2110 1676 2195 imaginis
1721 2110 1791 2172 in
1839 2132 1917 2172 eo
1963 2110 2245 2195 positam
2290 2132 2455 2187 esse,
2499 2122 2575 2172 ut
2617 2132 2721 2174 res

426 2208 642 2292 aliqua
698 2231 847 2272 cum
902 2209 1047 2287 alia,
1093 2233 1258 2294 quae
1306 2210 1598 2273 animum
1643 2210 1850 2295 magis
1896 2222 2179 2287 moveat,
2228 2222 2294 2274 et
2337 2209 2721 2296 saepissime

347 2307 353 2312 ’
426 2332 574 2372 011111
619 2332 710 2385 10,
757 2331 921 2394 quae
968 2333 1198 2393 sensus
1244 2311 1454 2374 acrius
1499 2304 1827 2397 impellat,
1850 2324 2285 2396 comparetur.
2361 2311 2491 2374 Sed
2521 2334 2723 2396 quum

396 2408 999 2498 ⁸animi‘hominum
1030 2411 1111 2474 iis
1142 2411 1429 2475 maxime
1459 2402 1655 2475 rebus
1688 2424 2095 2488 moveantur,
2128 2434 2294 2496 quae
2324 2411 2405 2474 iis
2437 2412 2722 2475 maxime

426 2532 616 2572 curae
664 2511 796 2574 sint
827 2512 1194 2597 quibusque
1227 2500 1661 2590 delectentur,
1693 2512 1838 2575 fieri
1868 2535 2002 2575 non
2035 2525 2275 2598 potest,
2309 2511 2486 2607 quin,
2521 2535 2723 2597 quum

425 2610 661 2695 aliquis
709 2634 1084 2698 comparare
1125 2613 1287 2690 vult,
1316 2613 1478 2676 tales
1508 2636 1612 2677 res
1644 2613 1893 2699 primae
1926 2612 2145 2676 animo
2180 2613 2322 2696 ejus
2356 2626 2719 2677 occurrant.

424 2710 569 2775 Hac
636 2711 716 2776 de
777 2736 969 2777 causa
1013 2712 1106 2790 fit,
1151 2728 1227 2777 ut
1270 2715 1442 2800 apud
1487 2715 1733 2777 multos
1781 2713 2065 2799 populos
2113 2713 2433 2797 quaedam
2477 2735 2723 2798 genera

423 2811 787 2898 imaginum
821 2826 888 2876 et
916 2813 986 2875 in
1018 2803 1322 2878 sermone
1358 2814 1745 2899 quotidiano
1778 2825 1845 2877 et
1874 2813 2049 2900 apud
2080 2814 2432 2900 scriptores
2464 2827 2723 2900 praeter
2791 2846 2796 2851 -

425 2925 643 2975 cetera
704 2913 776 2976 in
841 2936 966 2977 usu
1031 2913 1182 2977 sint.
1281 2914 1422 2977 Hae
1488 2914 1813 2999 imagines
1870 2937 1956 2978 ex
1999 2927 2230 2978 natura
2275 2937 2501 2977 eorum
2546 2914 2721 2977 loco-

421 3036 567 3077 rum
636 3026 933 3099 sumptae
1002 3036 1144 3078 esse
1213 3015 1448 3091 solent,
1514 3015 1587 3077 in
1653 3014 1889 3099 quibus
1951 3014 2117 3078 vivit
2159 3014 2463 3101 populus,
2512 3037 2595 3102 ex
2637 3013 2720 3078 iis

422 3113 710 3199 negotiis
779 3127 846 3177 et
911 3114 1477 3200 occupationibus,
1534 3115 1606 3178 in
1663 3115 1902 3201 quibus
1945 3114 2229 3178 maxime
2275 3129 2590 3193 versatur,
2637 3137 2723 3178 ex

423 3213 505 3276 iis
561 3214 846 3299 denique
903 3216 1118 3292 rebus,
1177 3237 1334 3301 quas
1394 3216 1750 3302 praecipuo
1798 3214 2016 3279 studio
2064 3229 2131 3279 et
2176 3238 2395 3296 amore
2443 3215 2723 3302 amplec-

422 3314 602 3378 titur.
693 3314 851 3393 Quis
899 3328 1017 3393 est,
1076 3316 1189 3401 qui
1245 3317 1515 3394 nesciat,
1563 3339 1758 3401 quam
1803 3315 2046 3379 referta
2091 3316 2176 3380 sit
2216 3316 2455 3379 Latina
2496 3317 2724 3402 lingua

421 3394 962 3480 translationibus
1031 3440 1067 3479 a
1133 3418 1328 3489 rebus
1395 3417 1787 3480 militaribus
1857 3430 1924 3480 et
1977 3407 2351 3497 forensibus
2399 3413 2720 3503 sumptis?

424 3513 518 3578 Ut
583 3516 664 3579 ad
728 3530 993 3580 nostrae
1061 3519 1291 3582 aetatis
1319 3526 1327 3543 ²
1356 3517 1662 3581 homines
1728 3539 1835 3579 me
1898 3530 2298 3592 convertam,
2346 3518 2721 3603 agricolam,

422 3629 708 3693 nautam,
757 3616 1062 3703 opificem
1108 3619 1210 3682 sui
1256 3640 1582 3703 quemque
1616 3616 1877 3681 artificii
1904 3618 2320 3698 vocabula-et
2347 3618 2722 3681 locutiones

425 3716 504 3780 ad
571 3716 728 3780 alias
794 3741 898 3782 res
967 3718 1318 3784 transferre
1379 3719 1523 3804 quis
1582 3731 1701 3795 est,
1759 3717 1870 3803 qui
1914 3741 2049 3781 non
2096 3715 2463 3781 audiverit?
2551 3717 2725 3797 Quid

424 3813 674 3882 multa?
741 3841 843 3882 res
900 3819 1043 3905 ipsa
1099 3842 1219 3906 per
1263 3843 1330 3884 se
1375 3833 1509 3884 tam
1555 3818 1907 3882 manifesta
1953 3833 2070 3895 est,
2117 3833 2192 3882 ut
2235 3841 2377 3881 eam
2424 3819 2722 3905 pluribus

426 3918 750 4005 exemplis
818 3921 1259 4005 comprobare*
1311 3944 1448 3984 non
1517 3943 1683 4006 opus
1752 3919 1857 3982 sit.
1967 3918 2037 3982 Si
2092 3917 2296 4003 igitur
2347 3918 2723 3983 invenimus

424 4018 815 4105 scriptorem
883 4021 1234 4105 quendam-
1274 4021 1597 4106 imagines
1658 4042 1804 4082 suas
1860 4042 1896 4081 a
1941 4018 2333 4103 quibusdam
2377 4020 2571 4084 rebus
2617 4018 2725 4082 vel

422 4131 693 4199 naturae
755 4120 864 4184 vel
927 4120 1252 4185 humanae
1283 4115 1293 4128 “
1319 4122 1494 4185 vitae
1550 4119 1874 4206 imprimis
1932 4118 2221 4195 duxisse,
2280 4119 2434 4184 inde
2494 4133 2721 4196 nostro

414 4219 565 4303 jure
612 4220 926 4307 colligere
972 4243 1344 4308 possumus,
1391 4221 1600 4308 qualis
1645 4220 1850 4284 fuerit
1881 4232 2113 4283 natura
2145 4243 2373 4284 eorum
2405 4222 2723 4297 locorum,
