3134 4842
521 225 603 287 74

438 391 500 454 ei
545 389 790 455 dictum
838 414 974 455 non
1019 391 1286 455 avolans
1326 390 1473 469 fuit,
1504 392 1547 455 i.
1581 414 1638 455 e.
1672 391 1903 455 sedulo
1936 404 2158 455 mente
2191 393 2614 457 custoditum.
2642 432 2732 446 --

364 549 369 560 ,
441 490 608 569 Quia
649 492 835 555 nives
880 515 1000 578 per
1044 501 1193 555 ae'ra
1236 492 1439 555 dense
1486 493 1796 556 cadentes
1843 515 1992 555 cum
2024 493 2265 578 plumis
2297 494 2730 559 volitantibus

440 593 765 677 quandam
813 592 1315 656 similitudinem
1360 592 1700 677 praebent,
1749 592 1989 656 dicitur
2025 592 2239 656 Prom.
2274 595 2426 658 993:
2473 593 2729 661 λευκο-

435 692 682 781 πτέρῳ
755 687 1039 787 νιφάδι,
1115 715 1400 778 quocum
1454 693 1817 779 comparari
1871 706 2091 779 potest
2132 693 2210 756 Il.
2259 696 2357 772 15,
2416 697 2567 760 170:
2626 691 2731 771 οὖς

438 787 520 858 «5³
548 786 679 860 ὅτ’
705 788 798 860 ἂν
842 789 918 861 ἐκ
959 793 1249 893 νεφέων
1291 796 1559 881 πτῆται
1605 788 1829 888 νιφάς
1870 807 1936 857 et
1966 795 2351 879 praesertim
2384 796 2634 860 Herod.
2666 799 2731 874 4,

439 896 548 958 31:
596 894 785 961 ἔοικε
837 890 983 986 γὰρ
1037 891 1081 982 ἡ
1126 889 1322 981 χιών
1373 888 1592 985 (ἄδρὴ
1635 895 2038 978 πίπτουσα)
2081 901 2413 982 πτεροῖσι
2458 910 2525 960 et
2566 897 2731 961 ibid.

442 999 476 1058 7
492 1020 507 1058 ε
584 990 729 1061 ὑπὸ
798 997 1095 1085 πτεροῦν
1142 995 1583 1082 κεχυμένων.
1637 1035 1721 1043 -
1766 996 1983 1074 Quum
2027 997 2417 1082 praecipuus
2463 997 2728 1082 quidam

441 1119 623 1160 amor
688 1109 756 1160 et
820 1120 975 1160 cura
1038 1120 1286 1174 eorum,
1344 1120 1509 1182 quae
1554 1109 1898 1182 procreata
1942 1109 2112 1174 sunt,
2161 1097 2378 1160 avium
2422 1099 2733 1184 proprius

441 1197 545 1276 sit,
611 1196 899 1283 imagine
967 1197 1187 1261 avium
1254 1211 1402 1284 apte
1467 1198 1832 1261 illustratur
1891 1220 2043 1261 cura
2088 1211 2281 1282 atque
2328 1198 2733 1275 sollicitudO,

443 1321 635 1382 quam
701 1297 903 1362 homo
969 1322 1090 1384 pro
1155 1297 1424 1362 homine
1493 1298 1793 1363 sustinet.
1893 1297 2051 1375 Quis
2105 1322 2241 1361 non
2287 1299 2737 1364 reminiscitur

441 1412 662 1484 gratae
727 1399 904 1463 illius
973 1399 1443 1476 similitudinis,
1513 1422 1640 1483 qua
1705 1397 2004 1462 Achilles
2070 1398 2140 1462 in
2204 1399 2537 1464 laboribus
2596 1400 2734 1464 suis

443 1512 591 1563 ante
640 1499 905 1584 Trojam
954 1500 1405 1572 describendis
1452 1496 1704 1564 utitur?
1768 1499 1846 1563 Il.
1895 1500 1953 1578 9,
1998 1501 2153 1563 323:

445 1645 548 1726 (ὃς
600 1643 912 1742 δ’ὄρνις
962 1644 1234 1740 ἀπτῆσι
1287 1656 1656 1717 νεοσσοῖσι
1707 1650 2177 1744 προφέρῃσιν

437 1745 800 1838 μάστακ’,
855 1746 1017 1819 ἐπεί
1055 1774 1136 1817 κε
1185 1744 1488 1844 λάβῃσι,
1531 1753 1779 1827 κακοῖς
1830 1743 2091 1843 δ’ἄρα
2145 1741 2233 1817 οἷ
2266 1749 2466 1818 πέλει
2520 1743 2739 1846 αὐτῇ,

446 1847 548 1928 ὥς
598 1849 719 1950 καὶ
771 1846 921 1941 ἐγώ
978 1848 1261 1930 πολλὰς
1304 1848 1445 1940 μὲν
1495 1844 1827 1928 ἀύπνους
1878 1845 2146 1927 νύκτας
2197 1852 2413 1917 ἴαυον
2463 1867 2586 1917 etc.

447 2003 660 2067 Simili
725 2002 863 2068 fere
932 2007 1132 2070 modo
1201 2003 1612 2090 Aeschylum
1680 2004 1998 2089 quaedam
2062 2004 2280 2066 avium
2344 2028 2607 2091 genera,
2663 2019 2740 2068 ut

446 2104 749 2188 aquilam,
798 2105 1187 2183 columbam,
1232 2106 1302 2169 in
1345 2105 1746 2190 imaginibus
1794 2127 2307 2168 commemorare
2352 2105 2527 2168 infra
2556 2107 2740 2170 vide·

444 2205 680 2267 bimus.
768 2205 876 2268 Ex
920 2207 1151 2270 eadem
1199 2205 1659 2270 observatione
1693 2205 1918 2275 avium,
1944 2228 2100 2291 erga
2128 2205 2346 2290 pullos
2379 2229 2529 2270 suos
2563 2229 2741 2270 amo-

444 2305 532 2369 ris
577 2305 953 2390 profectum
1000 2320 1119 2384 est,
1167 2307 1362 2392 quod,
1410 2329 1610 2390 quum
1659 2306 1891 2390 aliquis
1936 2306 2004 2369 in
2044 2306 2253 2369 tutela
2284 2329 2426 2370 esse
2460 2307 2596 2371 sive
2629 2307 2737 2370 dei

447 2407 584 2469 sive
626 2405 915 2471 hominis
962 2408 1281 2472 dicendus
1314 2420 1432 2484 est,
1464 2407 1683 2493 imago
1714 2407 2049 2471 inducitur
2080 2407 2216 2470 avis
2248 2407 2464 2492 pullos
2499 2408 2617 2471 alis
2643 2421 2743 2471 te-

446 2507 662 2592 gentis
709 2521 776 2572 et
819 2508 1129 2573 foventis.
1217 2509 1410 2572 Eum.
1459 2510 1653 2572 1002:
1700 2501 2109 2582 ῙΙαλλάδος
2151 2499 2232 2572 δ’
2260 2501 2405 2574 ὑπὸ
2444 2514 2745 2597 πτεροῖς

445 2605 667 2683 ὄντας
719 2603 965 2685 ἅζεται
1017 2602 1285 2699 πατήρ,
1340 2612 1451 2694 qui
1504 2612 1574 2672 in
1628 2609 1811 2673 tutela
1856 2609 2177 2673 Minervae
2218 2621 2378 2684 sunt,
2423 2630 2521 2673 eos
2555 2621 2739 2694 pater

446 2710 666 2793 diliqic.
758 2711 945 2775 Haec
1007 2712 1260 2776 locutio
1330 2709 1759 2796 proverbialis
1825 2708 2029 2773 fuisse
2085 2709 2379 2786 videtur3
2438 2710 2537 2773 cfr
2576 2710 2738 2774 Eur.

447 2810 708 2875 Hei-acl.
767 2812 879 2875 10:
943 2806 1034 2877 τὰ
1084 2812 1328 2877 κείνου
1384 2803 1584 2877 τέκν’
1640 2794 1832 2895 ἔχ’ων
1884 2804 2030 2876 ὑπὸ
2083 2815 2399 2898 πτεροῖς.
2465 2849 2551 2858 -
2616 2812 2739 2873 Ρο-

448 2924 692 2975 stremo
760 2912 974 2976 simile
1042 2936 1128 2975 ex
1193 2936 1310 2975 ave
1380 2913 1648 2976 ductum
1708 2910 2082 2975 invenimus
2127 2911 2197 2973 in
2242 2911 2391 2975 loco
2437 2912 2736 2975 nondum

450 3012 800 3077 emendato
867 3016 996 3100 Ag.
1065 3015 1259 3077 1316:
1328 3008 1541 3077 οὔτοι
1608 3007 1924 3087 δυσοίζω
1994 3004 2298 3097 θάμνον
2363 3006 2470 3088 ὠς
2537 3008 2746 3097 ὄρνις

450 3106 705 3204 φόβῳ.
794 3113 865 3177 Si
911 3114 1407 3177 adnotationem
1464 3112 1791 3198 Hesycbii
1844 3109 2224 3187 δυσοίζειν·
2292 3110 2742 3204 φοβεῖσθαι,

448 3207 890 3281 ὑποπτεύειν
933 3214 1062 3279 huc
1107 3214 1438 3301 pertinere
1471 3227 1538 3278 et
1562 3214 1691 3277 hoc
1720 3214 1996 3277 verbum
2030 3213 2472 3277 accusativum
2505 3237 2737 3299 regere

449 3338 642 3400 posse
687 3315 1053 3393 statuimus,
1098 3315 1321 3380 Iocum
1352 3315 1630 3380 fortasse
1664 3315 1757 3378 sic
1791 3314 2121 3399 explicare
2152 3314 2342 3378 licet:
2374 3313 2744 3378 Cassandra

451 3416 720 3479 domum
778 3417 1026 3503 regiam
1082 3417 1458 3503 ingressura
1503 3439 1573 3480 se
1619 3439 1755 3479 non
1801 3428 1876 3479 ut
1919 3438 2104 3478 avem
2151 3415 2386 3478 timere
2435 3414 2737 3492 affirmat,

451 3537 617 3599 quae
666 3517 910 3581 circum
953 3518 1258 3605 virgulta,
1304 3516 1683 3604 priusquam
1728 3516 1798 3580 in
1845 3539 1923 3580 ea
1963 3515 2184 3594 intret,
2232 3528 2419 3580 caute
2467 3516 2743 3580 circum·

451 3631 754 3702 spectans
798 3619 1036 3684 volitet
1079 3632 1401 3696 metuens,
1448 3641 1529 3681 ne
1576 3617 1785 3680 hostis
1829 3617 1900 3681 in
1944 3617 2024 3680 iis
2069 3616 2288 3680 lateat.
2379 3617 2509 3681 Sed
2552 3617 2740 3680 locus

453 3718 885 3803 probabiliter
929 3733 1273 3806 corruptus
1321 3732 1440 3783 est.

619 3823 648 3904 ξ
680 3821 737 3884 6.
770 3820 827 3883 Ε
853 3821 1129 3907 singulis
1155 3822 1373 3884 avium
1405 3818 1782 3905 generibus,
1813 3841 1978 3903 quae
2009 3820 2086 3883 ab
2114 3816 2450 3903 Aeschylo
2482 3818 2551 3881 in
2582 3818 2743 3881 ima-

451 3922 715 4007 ginibus
782 3934 1398 3998 commemorantur,
1466 3920 1750 4007 primum
1816 3918 1897 3982 de
1960 3931 2141 4002 cycn‘o
2186 3919 2419 3982 dicam.
2507 3918 2615 3982 Ex
2659 3942 2741 3981 eo

452 4023 658 4086 semel
703 4022 1068 4086 similitudo
1116 4022 1395 4086 sumitur
1438 4023 1584 4107 Ag.·
1618 4022 1799 4094 1444,
1844 4018 1959 4082 ubi
2005 4019 2085 4082 de
2133 4019 2525 4083 Cassandra:
2561 4015 2617 4107 ἦ
2664 4015 2751 4084 δέ

453 4143 570 4188 τοι
650 4117 922 4189 κύκνου
998 4117 1200 4209 δίκην
1273 4116 1407 4189 τὸν
1479 4115 1805 4187 ὕστατον
1877 4118 2233 4209 μέλψασα
2309 4114 2742 4205 θανάσιμον
