3134 4842
490 186 570 249 66

602 405 607 418 .
702 352 951 440 νῆστις
1000 350 1220 427 πιέζει
1263 342 1505 434 λιμός·
1559 343 1656 415 οὐ
1710 345 1854 442 γὰρ
1912 345 2198 439 ἐντελὴς

707 446 959 544 θήραν
1011 443 1369 543 πατρῴαν
1420 450 1868 544 προςφέρειν
1922 446 2397 540 σκηνήμασιν.

402 573 701 657 Apparet
767 570 944 634 enim
1009 569 1228 633 verbis
1290 562 1524 655 δεινῆς
1591 562 1869 656 ἐχίδνης
1921 568 2510 654 Clytaemnestram
2558 592 2701 655 spe-

402 672 582 744 ctari,
651 694 816 755 quae
873 671 967 734 sic
1011 682 1085 733 ut
1129 668 1411 733 crudelis
1466 681 1533 732 et
1586 668 1817 733 odiosa
1865 683 2150 747 notatur3
2205 683 2495 735 ceterum
2546 670 2697 733 vide

404 772 598 836 infra.
667 810 749 818 —-
816 771 1002 848 Sunt,
1063 770 1175 854 qui
1232 769 1429 832 etiam
1475 771 1606 855 Ag.
1652 771 1923 847 49—-59,
1969 770 2084 834 ubi
2130 771 2377 835 clamor
2419 770 2698 834 bellicus

402 872 786 936 Atridarum
833 895 983 936 cum
1030 871 1315 934 clamore
1361 870 1699 933 vulturum
1745 871 1962 957 pullos
2010 872 2285 936 amissos
2326 870 2699 957 lugentium

405 986 840 1059 comparatur,
886 984 1181 1057 raptores
1228 970 1559 1056 pullorum
1611 994 1855 1057 angues
1899 971 2562 1058 intelligerevelint3
2607 971 2704 1035 ita

403 1074 632 1137 Herm.
700 1073 951 1136 Tamen
1008 1072 1214 1158 magis
1268 1071 1338 1134 in
1394 1094 1626 1135 eorum
1672 1072 2069 1136 sententiam
2114 1073 2387 1150 inclin0,
2435 1072 2547 1157 qui
2590 1071 2701 1135 hic

404 1174 828 1238 Homericam
863 1172 1424 1258 comparationem
1457 1171 1579 1236 Od.
1615 1174 1714 1250 16,
1750 1174 1889 1249 216,
1924 1196 2072 1236 cum
2106 1197 2234 1258 qua
2260 1173 2377 1235 illa
2405 1172 2703 1256 Aeschy-

404 1276 510 1338 lea
573 1297 878 1361 magnam
950 1296 1103 1337 sane
1174 1260 1464 1336 ostendit
1534 1272 2060 1353 similitudinem,
2154 1274 2374 1338 animo
2463 1286 2700 1359 poetae

407 1377 820 1440 obversatam
887 1397 1029 1437 esse
1098 1386 1362 1459 putant3
1409 1373 1590 1458 quod
1656 1374 1711 1437 si
1776 1388 1952 1438 recte
2007 1374 2360 1459 judicatur,
2404 1387 2701 1460 raptores

350 1459 356 1469 ⁵
407 1476 627 1539 avium
671 1474 1092 1561 intelligendi
1137 1488 1291 1538 sunt
1333 1487 1648 1560 agrestes.

574 1576 795 1639 Etiam
842 1575 998 1639 alibi
1045 1574 1588 1659 Clytaemnestra,
1634 1588 1709 1638 ut
1753 1598 1918 1660 quae
1965 1574 2282 1638 nefariam
2315 1574 2531 1638 mariti
2563 1597 2706 1638 cae-

410 1677 563 1741 dem
594 1675 1270 1763 perpetraverit,.cum
1303 1688 1630 1761 serpente,
1655 1675 2167 1739 venenatissima
2187 1676 2418 1752 bestia,
2444 1698 2705 1761 compa·

409 1792 605 1841 ratur.
704 1777 806 1841 Ita
870 1775 1166 1861 Choeph.
1233 1777 1357 1839 994
1423 1775 1688 1840 Orestes
1744 1790 2018 1840 matrem
2085 1799 2121 1839 a
2186 1799 2255 1839 se
2309 1775 2507 1862 paulo
2554 1789 2704 1840 ante

410 1892 731 1955 necatam,
798 1890 873 1941 ut
938 1876 1392 1941 crudelitatem
1460 1889 1527 1939 et
1590 1877 1867 1963 impium
1937 1876 2226 1940 animum
2302 1878 2443 1961 ejus
2511 1899 2706 1961 quam

413 1979 700 2042 maxima
748 1978 816 2040 vi
863 1977 1108 2053 efferat,
1154 1976 1584 2061 hyperbolice
1632 1977 1795 2042 dicit
1837 2000 2216 2041 muraenam
2260 1978 2368 2040 vel
2411 1978 2705 2063 viperam

410 2079 617 2143 fuisse
666 2080 756 2143 ita
797 2090 1210 2154 venenatam,
1255 2090 1330 2140 ut
1373 2077 1516 2140 solo
1562 2090 1745 2142 tactu
1788 2101 1929 2155 suc,
1973 2078 2081 2141 vel
2127 2079 2267 2142 sine
2311 2077 2450 2142 ullo
2482 2100 2709 2142 morsu

410 2181 631 2244 tabem
677 2178 986 2242 inferret:

733 2295 810 2360 τί
844 2314 963 2361 σοι
1008 2290 1240 2377 δοκεῖς
1276 2287 1614 2384 μύραινά
1656 2286 1743 2383 γ’
1771 2287 1916 2360 εἴτ’
1944 2286 2180 2380 ἔχιδν’
2208 2293 2354 2389 ἔφυ

735 2389 990 2483 σήπειν
1034 2389 1358 2483 θιγοῦσ’
1387 2390 1480 2461 ἂν
1522 2391 1761 2462 ἄλλον
1808 2388 1896 2462 οὐ
1944 2391 2392 2484 δεδηγμένον
2477 2394 2483 2400 “

741 2491 1019 2585 τόλμης
1061 2494 1260 2563 ἕκατι
1302 2489 1609 2563 κᾶδίκου
1656 2490 2169 2589 φρονήματος.

416 2614 600 2678 Haec
655 2616 764 2678 vel
819 2616 945 2678 alia
987 2639 1124 2679 non
1171 2615 1451 2679 multum
1499 2614 1846 2678 dissimilia
1887 2615 2128 2702 legisse
2177 2615 2436 2678 videtur
2481 2610 2710 2689 schol.‚

417 2715 531 2801 qui
578 2716 896 2802 explicat:
959 2709 1367 2807 ὑπερβολή·
1415 2710 1530 2781 ὅτι
1577 2711 1700 2780 καὶ
1747 2710 1878 2780 τὸν
1915 2711 2021 2801 μὴ
2066 2712 2464 2802 δηχθέντα,
2511 2706 2711 2780 ἀλλὰ

411 2810 657 2902 μόνον
686 2810 1081 2903 ἁψάμενον
1114 2810 1345 2903 σήπει.
1396 2818 1742 2880 Praeterea
1772 2817 2194 2880 manifestum
2222 2830 2321 2879 est
2338 2808 2716 2905 μύραιναν

416 2918 525 2982 hic
591 2941 747 2996 non,
814 2931 889 2981 ut
951 2918 1176 3003 vulg0‚
1245 2940 1386 2981 esse
1457 2917 1834 3002 anguillam,
1890 2918 2067 3002 quod
2114 2917 2353 2980 animal
2396 2917 2715 2980 innocen-

417 3018 746 3082 tissimum
794 3018 875 3080 ad
921 3017 1122 3081 animi
1167 3018 1495 3082 feritatem
1529 3017 1986 3081 declarandam
2019 3041 2246 3104 parum
2280 3030 2502 3103 aptum
2534 3018 2715 3082 vide-

418 3133 544 3196 tur,
592 3119 708 3182 sed
753 3118 1039 3181 imanem
1087 3118 1410 3203 quandam
1458 3132 1525 3181 et
1567 3131 1960 3181 venenatam
2006 3118 2293 3182 belluam
2325 3117 2715 3193 fabulosam,

421 3220 527 3283 cui
573 3218 782 3305 figura
827 3219 1174 3304 anguillae,
1220 3219 1421 3282 foeda
1465 3242 1620 3282 sane
1668 3233 1735 3282 et
1777 3219 2006 3304 turpis,
2053 3218 2462 3282 tribuebatur
2493 3214 2564 3304 1).
2651 3219 2716 3280 A

422 3320 658 3385 ceteris
726 3320 1086 3384 editoribus
1148 3320 1431 3383 discedit
1474 3320 1723 3389 Herm„
1772 3321 1956 3404 cujus
2005 3319 2327 3406 scriptura
2370 3319 2531 3384 haec
2585 3331 2712 3381 est:

743 3421 787 3524 ἦ
834 3457 951 3503 σοι
998 3433 1218 3522 δοκεῖ,
1257 3431 1597 3527 μύραινά
1639 3417 2324 3531 γἐἴτἰἷ’χιδν’ἔςρυ,ἢ

745 3532 999 3624 σήπειν
1045 3530 1470 3627 θιγοῦσ’ὗὲν
1507 3536 1830 3623 μᾶλλον,
1879 3532 1971 3604 οὐ
2018 3534 2447 3628 δεδηγμένη,

746 3632 1026 3728 τόλμης
1070 3637 1265 3706 ἕκατι
1309 3632 1616 3705 κᾶδίκου
1665 3632 2194 3733 φρονήματος

424 3778 612 3820 »num
654 3757 764 3818 tibi
805 3759 1076 3835 videtur,
1107 3761 1232 3822 sive
1275 3780 1575 3821 muraena
1618 3760 1742 3821 sive
1784 3760 1999 3842 vipera
2042 3768 2206 3830 esset,
2248 3767 2408 3820 tactu
2438 3778 2547 3818 suo
2583 3776 2722 3817 ma-

418 3859 519 3939 yis
564 3856 759 3921 tabem
801 3858 1051 3921 illatura
1096 3882 1237 3936 esse,
1282 3882 1404 3921 non
1458 3855 1661 3921 laesa?
1727 3850 1819 3923 οὐ
1877 3852 2303 3945 δεδηγμένη,
2350 3856 2467 3920 sed
2513 3849 2588 3934 ἐξ
2631 3837 2725 3922 οὗ

430 3955 703 4023 ’τέκνων
765 3951 1179 4046 ἤνεγχ’ὑπὸ
1247 3952 1488 4038 ζώνην
1548 3952 1810 4049 βάρος.
1923 3957 2073 4021 Hoc
2127 3957 2330 4045 igitur
2375 3957 2556 4033 dicit,
2603 3978 2724 4019 non

425 4060 716 4143 potuisset
779 4063 978 4146 magyz's
1041 4061 1276 4125 laedere
1330 4063 1725 4134 innocentem,
1782 4062 1838 4122 si
1888 4058 2084 4121 bellua
2114 4060 2402 4145 fuisset».
2445 4095 2531 4105 -—
2576 4056 2725 4140 Gly-

568 4186 610 4249 ¹)
650 4188 877 4251 Hesych.
928 4183 1201 4256 μύραινα·
1256 4186 1349 4238 ἐπὶ
1401 4187 1499 4238 τοῦ
1555 4186 1732 4238 κακοῦ
1787 4184 2024 4253 ἐλέγετο,
2079 4180 2153 4245 ὡς
2204 4185 2420 4253 ἔχιδνα.
2501 4184 2595 4233 Cfr
2636 4183 2727 4231 Ar.

429 4271 564 4320 Bau.
600 4273 716 4322 475.
