3134 4842
2552 183 2629 243 97

423 385 507 394 ——-
555 344 870 409 Similiter
928 344 1291 408 Cassandra
1336 345 1480 431 ipsa
1532 345 1612 408 de
1661 368 1751 420 se,
1796 345 1993 409 foeda
2035 345 2150 409 illa
2193 346 2503 425 facinora,
2552 371 2715 432 quae

427 459 726 535 apertura
772 459 890 524 est,
936 445 1297 531 respiciens
1345 448 1473 532 Ag.
1525 447 1715 510 1184:

723 592 846 662 καὶ
891 601 1334 687 μαρτυρεῖτε
1388 577 1829 685 συνδρόμως
1881 595 2078 682 ι’χνος
2129 598 2381 664 κακῶν

727 692 1227 789 ῥινηλατούσῃ
1284 698 1439 763 τῶν
1489 690 1725 763 πάλαι
1777 697 2341 787 πεπραγμένων.

426 846 841 942 ῥινηλατεῖν
916 850 1177 937 proprie
1247 850 1326 913 de
1397 849 1666 913 canibus
1737 849 2162 914 odorantibus
2231 851 2588 916 dicebatur.
2633 890 2718 899 —-

423 957 868 1041 κυναγετεῖν,
935 953 1186 1016 canibus
1250 954 1481 1027 venari,
1548 951 1618 1013 in
1675 951 2048 1014 universam
2097 953 2538 1038 persequendi
2583 954 2717 1015 vim

424 1053 700 1118 transiit.
788 1054 1004 1117 Prom.
1052 1054 1175 1117 573
1221 1052 1300 1115 de
1350 1052 1509 1116 asilo
1554 1051 1693 1129 illo,
1741 1076 1869 1137 quo
1916 1051 1990 1115 Io
2038 1053 2344 1140 agitatur:
2401 1046 2602 1120 omo?
2625 1075 2723 1138 με

428 1150 563 1220 τὰν
616 1148 973 1220 τάλαιναν
1022 1159 1420 1240 κυναγετεῖ.
1496 1153 1665 1217 Item
1695 1145 2018 1241 κυναγός
2044 1155 2171 1241 Ag.
2206 1156 2361 1220 695:
2395 1148 2722 1221 πολύαν-

427 1251 603 1348 δροί
649 1278 722 1322 τε
768 1248 1216 1351 φεράσπιδες
1257 1250 1570 1343 κυναγοὶ
1611 1245 1994 1341 κατ’ὶχνος
2022 1253 2314 1322 πλατᾶν
2343 1251 2718 1351 ἄφαντον.

428 1357 660 1422 Graeci
703 1371 1035 1442 tamquam
1083 1356 1351 1420 canibus
1384 1369 1701 1421 venantes
1735 1356 2012 1442 vestigia
2043 1356 2292 1421 Paridis
2327 1371 2392 1422 et
2423 1358 2720 1422 Helenae

426 1472 683 1546 urgent,
753 1482 919 1544 quae
987 1470 1229 1535 tamen,
1290 1481 1488 1543 quum
1535 1482 1654 1544 per
1699 1481 1874 1521 mare
1921 1458 2047 1521 iter
2091 1457 2353 1536 faciant,
2400 1459 2581 1523 illico
2627 1460 2722 1522 in-

424 1574 689 1625 tereunt
733 1559 1154 1654 (ἄφαντον)
1198 1598 1280 1607 --
1329 1560 1536 1645 Saepe
1583 1560 1653 1623 in
1698 1559 2180 1623 Eumenidibus
2228 1560 2308 1623 de
2357 1559 2585 1624 Oreste
2631 1560 2722 1623 ita

427 1662 666 1726 dicitur
708 1675 1041 1746 tamquam
1089 1660 1169 1724 de
1216 1661 1356 1724 fera
1401 1660 1661 1748 agitata,
1710 1661 1790 1724 de
1819 1660 2036 1724 Furiis
2070 1672 2401 1746 tamquam
2434 1662 2513 1724 de
2550 1661 2721 1725 cani-

425 1764 548 1827 bus
592 1763 931 1841 venatieiS‚
980 1762 1093 1848 qui
1135 1762 1416 1848 vestigia
1462 1762 1602 1846 ejus
1652 1774 2153 1848 persequuntur
2246 1763 2398 1825 111:

680 1911 723 1981 ὁ
779 1908 1214 1995 δ’ἕξαλύξας
1267 1914 1543 2001 οὶχεται
1597 1912 1874 2003 νεβροῦ
1926 1909 2154 2003 δίκην,

677 2012 798 2083 καὶ
853 2017 1089 2083 ταῦτα
1140 2009 1452 2110 κούφως
1505 2010 1882 2102 ἕκμέσων
1933 2007 2426 2105 ἀρκυστάτων

680 2114 1017 2210 ὤρουσεν
1073 2112 1243 2205 ὑμῖν
1295 2111 1868 2209 ἐγκατιλλώψας
1914 2117 2133 2207 μέγα.

428 2270 692 2335 Orestes
762 2294 963 2356 quum
1031 2294 1115 2334 ex
1182 2270 1432 2357 templo
1501 2294 1536 2333 a
1599 2269 1817 2333 Furiis
1879 2269 2307 2337 circumsesso
2356 2268 2719 2360 aufugeret,

430 2371 733 2434 similiter
777 2371 939 2435 fecit
983 2385 1177 2457 atque
1222 2370 1599 2448 hinnuleUS,
1642 2372 1754 2456 qui
1795 2371 2029 2434 mediis
2064 2394 2147 2433 ex
2181 2370 2389 2456 plagis
2424 2368 2718 2432 elabitur.

356 2483 367 2491 “
430 2510 512 2517 -
557 2473 673 2536 131
724 2471 1246 2557 Clytaemnestra
1287 2472 1518 2535 Furias
1564 2472 1900 2550 insomno
1937 2470 2126 2554 λαβέ
2148 2470 2343 2552 λαβέ
2366 2471 2721 2534 clamantes
2795 2473 2801 2484 ’

432 2572 524 2635 ita
569 2572 955 2658 alloquitur:
2621 2593 2631 2602 ‘

759 2722 944 2816 ὄναρ
1000 2717 1285 2801 διώκεις
1341 2722 1571 2815 θῆρα,
1623 2719 2064 2812 κλαγγανεις
2116 2714 2394 2813 ὃόἵπερ

757 2821 960 2892 κύων
1005 2825 1370 2917 μέριμναν
1423 2817 2053 2892 οὔποτ’ἐκλιπών
2104 2819 2368 2891 πόνου.

434 2978 599 3042 Cum
633 3002 792 3043 eane
826 2991 1257 3065 comparatur,
1291 2978 1402 3063 qui
1431 2979 1500 3042 in
1535 3001 1767 3042 somno
1799 2978 2009 3055 latrat,
2044 3001 2243 3063 quum
2274 2976 2480 3039 feram
2503 2997 2735 3096 perse-

432 3081 545 3165 qui
601 3081 727 3144 sibi
783 3081 1048 3144 videtur
1077 3074 1146 3163 1>
1201 3118 1284 3128 —
1341 3080 1493 3143 147:
1541 3074 1616 3157 ἐξ
1658 3072 1967 3170 ἀρκύων
2018 3078 2396 3151 πέπτωκεν
2449 3075 2735 3162 οἴχεταί

351 3223 367 3243 .
436 3176 532 3246 θ’
540 3178 581 3247 ὁ
651 3176 831 3275 θήρ·
911 3203 1113 3269 υπνῳ
1187 3173 1634 3272 κρατηθεῖσ’
1641 3202 1885 3272 αγραν
1954 3177 2219 3247 ωλεσα.
2311 3180 2461 3243 231:
2520 3172 2720 3251 δίκας

428 3282 715 3368 μέτειμι
770 3277 983 3350 τόνδε
1039 3283 1265 3400 φῶτα
1314 3302 1858 3370 κακκυνηγετω.
1969 3283 2121 3345 246;
2195 3297 2723 3371 τετραυματισ-

426 3383 658 3469 μένον
711 3379 858 3476 γαρ
915 3380 1018 3461 ως
1066 3377 1271 3451 κύων
1322 3378 1596 3475 νεβρὸν
1645 3377 1832 3477 πρὸς
1885 3372 2069 3498 αιμα
2121 3378 2241 3448 καὶ
2289 3374 2724 3469 σταλαγμὸν

435 3479 954 3572 ἐκματεύομεν.
1042 3485 1279 3549 Furiae
1320 3486 1642 3564 Orestem,
1674 3498 1748 3549 ut
1777 3485 1953 3549 oanis
1987 3484 2374 3548 hinnuleum
2409 3482 2721 3558 saucium,

434 3588 859 3666 insectantur,
907 3587 1314 3672 sanguinem,
1363 3611 1556 3672 quem
1606 3611 1690 3651 ex
1735 3587 2035 3652 manibus
2065 3585 2427 3672 parricidae
2459 3606 2721 3647 manare

436 3688 628 3775 fingit
671 3703 885 3776 poeta,
931 3703 1264 3773 tamquam
1310 3689 1681 3752 odorantes.
1725 3728 1811 3736 —
1857 3687 2011 3752 Sine
2059 3687 2259 3752 dubio
2305 3686 2590 3750 maxime
2639 3684 2722 3747 ob

434 3789 497 3852 id
567 3791 804 3875 ipsum,
873 3790 1050 3877 quod
1115 3788 1396 3875 vestigia
1447 3789 1810 3875 parricidae
1866 3801 2192 3875 premunt,
2237 3787 2475 3851 Furiae
2519 3778 2726 3859 κύνες

436 3904 756 3956 vocantur
800 3891 1096 3980 Choeph.
1157 3892 1308 3954 924:
1368 3884 1695 3984 φύλαξαι-
1744 3885 2029 3983 μητρὸς
2081 3909 2433 3978 εγκοτους
2480 3880 2722 3961 κύνας.

438 3991 735 4078 Choeph
806 3995 995 4057 1054:
1069 4011 1337 4087 σαφως
1399 4012 1550 4080 γαρ
1607 3988 1763 4058 αἵδε
1809 3986 2096 4081 μητρὸς
2152 3992 2444 4107 ἔγκοτοι
2495 3981 2722 4063 κύνες.

439 4093 556 4157 Cfr
614 4093 813 4180 Soph
859 4094 962 4158 El.
1012 4095 1174 4160 1388
1228 4089 1548 4194 ἄφυκτοι
1601 4087 1829 4170 κύνες.
1921 4093 2051 4158 Sed
2109 4094 2305 4158 etiam
2353 4090 2544 4154 aliam
2589 4089 2723 4152 vim

576 4220 618 4280 ¹)
657 4222 750 4271 Cfr
784 4223 986 4273 Lueret.
1028 4224 1112 4282 IV,
1151 4225 1268 4282 98&
1309 4225 1508 4275 Petron.
1548 4240 1592 4273 c.
1631 4227 1742 4273 104.

2603 4286 2638 4349 7
