3134 4842
1242 323 1269 330 *
2539 245 2618 307 85

422 404 670 476 κλύων
724 426 823 476 est
880 414 1260 497 conjectura
1302 435 1421 497 pro
1471 412 1774 476 codicum
1812 410 2082 498 μένων.
2171 413 2469 497 Apparet
2506 410 2707 497 μένει

426 513 715 576 dativum
784 513 1176 577 substantivi
1235 512 1458 599 μένος
1523 535 1667 576 esse
1736 525 1803 577 et
1851 511 2188 599 χαλινῶν
2223 511 2424 599 μένει
2471 512 2703 575 eodem

426 635 620 676 sensu
688 614 837 691 dici,
907 637 1035 698 quo
1094 616 1221 700 Ag.
1270 614 1389 677 239
1455 612 1793 699 χαλινῶν
1857 607 2158 700 ἀναύδῳ
2215 613 2438 700 μένει.
2526 613 2704 699 Ergo

426 714 713 799 Tydeus,
760 714 1097 800 pugnandi
1143 714 1390 792 avidUS,
1437 738 1586 778 cum
1635 737 1805 799 equo
1841 715 2178 779 confertur
2207 715 2273 777 vi
2302 713 2704 778 habenarum

425 814 792 892 anhelante,
841 815 970 899 qui,
1018 837 1217 899 quum
1264 815 1552 878 sonitum
1597 816 1793 879 tubae
1841 816 2041 893 audit,
2087 838 2305 879 morae
2352 815 2703 899 impatiens

425 915 509 978 sit
575 929 641 978 et
707 915 883 978 abire
952 916 1189 1001 cupiat.
1302 916 1667 979 Hermanni
1734 917 2053 1003 scriptura
2116 916 2208 979 ita
2273 940 2308 978 a
2375 913 2705 980 Dindorfii

426 1015 665 1091 differt,
723 1030 796 1079 ut
852 1010 899 1080 δ
912 1008 932 1032 ³
979 1028 1127 1079 ante
1177 1011 1279 1091 οὖς
1321 1017 1585 1094 inserat,
1630 1015 1882 1105 βρέμει
1940 1041 2057 1103 pro
2098 1016 2323 1100 μένει,
2378 1009 2704 1102 ὄργαίνει

425 1139 543 1201 pro
613 1111 947 1201 ὁρμαίνει
1013 1116 1270 1194 scribat,
1327 1116 1578 1200 μένων
1642 1118 1953 1181 retineat:
2022 1118 2288 1203 Tydeus
2356 1116 2578 1180 fremit
2632 1129 2707 1179 ut

427 1239 631 1301 equus
679 1217 986 1280 adversus
1033 1217 1219 1279 frena
1265 1217 1583 1294 saeviens,
1632 1218 1742 1303 qui
1770 1219 2056 1281 sonitum
2087 1218 2281 1282 tubae
2315 1230 2704 1303 exspectans

423 1317 738 1380 irascitur.
827 1316 1004 1380 Weil
1047 1318 1352 1381 ultimum
1397 1341 1659 1381 versum
1705 1319 1796 1381 ita
1828 1319 2021 1406 legit:
2069 1312 2270 1394 ὅστις
2303 1312 2495 1404 βοὴν
2531 1310 2702 1383 σάλ-

423 1438 690 1505 πιγγος
735 1411 1017 1507 ὀρθίαν
1058 1412 1283 1501 κλύει,
1331 1433 1548 1482 cetera
1590 1433 1664 1482 ut
1707 1419 1905 1482 Dind.
1982 1419 2198 1483 Schol.
2245 1420 2421 1482 Med.
2470 1419 2706 1482 adscri-

424 1518 584 1605 psit:
632 1510 880 1594 οὕτως
931 1511 1333 1601 ἄσθμαίνει
1383 1515 1505 1584 καὶ
1557 1514 1848 1585 σπεύδει
1904 1515 2005 1596 ὥς
2054 1515 2176 1586 καὶ
2225 1517 2445 1595 ἵππος
2486 1518 2707 1584 πολε-

417 1613 682 1707 μιστὴς
735 1614 1150 1707 σάλπιγγος
1201 1612 1504 1686 α’κούων
1552 1616 1675 1685 καὶ
1726 1614 2123 1708 ἐπιθυμοῦν
2173 1618 2509 1704 πολέμου
2563 1619 2707 1708 εἴρ-

425 1740 630 1807 γεται
700 1714 888 1809 πρὸς
953 1721 1090 1786 τοῦ
1149 1714 1530 1803 ἕπιβοὲτου.
1639 1721 1987 1785 Fortitudo
2056 1736 2122 1786 et
2186 1721 2480 1785 alacritas
2554 1721 2706 1804 equi

426 1843 621 1907 saepe
669 1821 748 1884 ab
796 1822 1077 1906 antiquis
1125 1822 1337 1907 poetis
1383 1822 1451 1885 in
1492 1822 1889 1906 imaginibus
1920 1836 2486 1898 commemoratur,
2520 1822 2705 1904 cujus

423 1923 520 1983 rei
589 1912 1103 1986 illustrissimum
1174 1924 1552 2010 exemplum
1612 1920 1931 2008 praebent
1973 1922 2043 1986 hi
2088 1947 2312 1987 versus
2361 1920 2704 2008 Sophoclis

422 2021 525 2085 El.
573 2023 684 2085 25:

676 2166 924 2265 ὥσπερ
979 2167 1125 2265 γὰρ
1179 2171 1400 2249 ἵππος
1456 2165 1771 2262 εὐγενὴς,
1826 2168 1965 2239 κᾶν
2012 2157 2065 2266 ᾗ
2116 2174 2381 2263 γέρων,

675 2269 749 2340 ἐν
802 2280 987 2340 τοῖσι
1044 2270 1306 2349 δεινοῖς
1359 2268 1617 2360 θυμὸν
1669 2270 1807 2341 οὐκ
1858 2267 2264 2358 ἀπώλεσεν,

676 2366 1141 2467 ἄλλ’ὀρθον
1193 2359 1324 2451 οὖς
1373 2373 1677 2463 ἵστησιν,
1734 2370 2097 2451 ώσαύτως
2148 2371 2226 2441 δὲ
2280 2370 2366 2441 σὺ

677 2470 868 2561 ἡμᾶς
922 2468 1358 2566 τ’ότρύνεις
1407 2469 1682 2551 καύτὸς
1734 2471 1809 2543 ἐν
1858 2471 2187 2563 πρώτοις
2239 2474 2407 2543 ἕπει.
2505 2473 2509 2477 ’

591 2627 702 2690 Bis
770 2621 1225 2721 σειραφόρος
1287 2627 1694 2691 transfertur.
1800 2628 1905 2691 Sic
1958 2628 2313 2691 vocabatur
2358 2607 2562 2713 equus
2608 2627 2705 2691 fu-

425 2727 611 2804 nalis,
681 2729 723 2790 i.
773 2751 827 2791 e.
889 2751 1114 2813 eunS,
1163 2730 1274 2814 qui
1320 2752 1454 2792 non
1493 2730 1726 2815 jugum
1773 2727 2014 2806 ferens,
2060 2741 2133 2792 ut
2175 2726 2384 2794 ἱπποι
2438 2722 2703 2816 ζύγιοι,

426 2828 539 2891 sed
608 2828 687 2891 ad
748 2828 917 2892 latus
983 2830 1216 2893 horum
1286 2829 1443 2893 fune
1504 2831 1775 2914 junctus
1834 2853 2092 2892 currum
2153 2830 2450 2893 ducebat.
2541 2828 2706 2906 Quia

422 2928 530 2991 hic
598 2952 800 3014 equos
868 2928 1157 3018 ζυγίους
1221 2931 1289 2993 in
1358 2954 1549 2993 curru
1618 2930 1919 2994 ducendo
1978 2930 2345 3015 adjuvabat,
2391 2930 2702 2993 translate

422 3035 669 3105 socium,
736 3033 1076 3115 adjutorem.
1132 3031 1500 3116 significare
1557 3045 1833 3117 poterat.
1934 3030 2039 3095 Sic
2094 3032 2222 3117 Ag.
2270 3032 2420 3094 842:
2472 3024 2709 3114 μόνος

423 3126 471 3196 δ
482 3123 941 3215 ”Οδυσσεὺς,
1011 3125 1239 3222 ὅσπερ
1307 3124 1445 3217 ούχ
1508 3126 1697 3197 ἑκών
1758 3129 1978 3215 ἔπλει,
2032 3126 2363 3218 ζευχθεὶς
2413 3128 2710 3213 ἕτοιμος

422 3214 511 3318 ἧν
563 3225 727 3316 ἐμοὶ
791 3226 1261 3332 σειραφόρος.
1366 3232 1707 3297 Sententia
1771 3233 1933 3296 haec
2003 3246 2131 3296 est:
2200 3232 2432 3296 Ulixes
2501 3232 2705 3294 semel

425 3332 641 3395 currui
700 3334 968 3417 junctus
1035 3334 1197 3397 mihi
1257 3348 1513 3420 paratus
1561 3357 1767 3419 equus
1812 3334 2053 3396 funalis
2101 3347 2255 3409 erat,
2301 3334 2342 3396 i.
2393 3355 2447 3394 e.
2500 3333 2705 3398 semel

426 3432 872 3519 expeditionis
927 3436 1253 3521 particeps
1299 3434 1509 3499 factus
1555 3435 1719 3498 mihi
1763 3434 1974 3497 fidelis
2022 3434 2235 3497 socius
2283 3446 2438 3496 erat.
2527 3433 2707 3495 Infra

423 3534 794 3597 videbimus
859 3534 1161 3599 homines
1228 3536 1530 3620 proxima
1596 3536 1906 3598 societate
1974 3535 2382 3618 conjunct08‚
2436 3547 2510 3600 ut
2556 3557 2705 3597 con-

418 3635 633 3720 jugeS,
700 3637 1002 3721 geminos
1069 3637 1322 3713 fratreS,
1389 3636 1676 3722 imagine
1736 3637 2186 3720 jumentorum
2243 3634 2419 3697 idem
2469 3635 2703 3719 jugum

426 3734 779 3798 ferentium
845 3737 1186 3813 illustrari;
1261 3736 1364 3800 cui
1430 3737 1703 3821 imagini
1770 3749 2284 3799 consentaneum
2356 3748 2473 3811 est,
2530 3734 2704 3818 quod

428 3831 880 3929 σειραφόρος
923 3839 977 3901 is
1026 3838 1408 3925 appellatur,
1457 3838 1566 3921 qui
1614 3837 1826 3913 alicui,
1875 3858 2261 3921 quamquam
2311 3859 2444 3899 non
2486 3834 2705 3897 arctis-

427 3936 591 3998 simo
659 3939 923 4002 vinculo
992 3963 1140 4003 cum
1209 3961 1286 4002 eo
1355 3938 1745 4021 conjunctus
1815 3950 1932 4013 est,
1986 3951 2205 3999 tamen
2261 3937 2329 3999 in
2377 3935 2593 4019 aliqua
2635 3958 2702 3997 re

426 4059 689 4122 operam
735 4053 1040 4123 praestat,
1086 4054 1159 4103 ut
1200 4038 1307 4102 hic
1355 4038 1587 4102 Ulixes
1633 4038 2141 4124 Agamemnoni.
2185 4076 2270 4084 —
2312 4036 2467 4098 Alio
2509 4058 2705 4099 sensu

426 4134 887 4233 σειραφόρος
928 4142 1318 4203 transfertur
1361 4142 1487 4226 Ag.
1537 4139 1719 4215 1640,
1751 4138 1865 4202 ubi
1892 4137 2252 4224 Aegisthus
2285 4135 2482 4200 choro
2510 4135 2704 4198 vehe-
2745 4133 2750 4139 ⁴

425 4254 682 4304 menter
724 4240 789 4303 in
840 4263 908 4304 se
953 4240 1295 4304 invehenti
1339 4241 1430 4303 ita
1472 4239 1774 4316 minatur,
1822 4262 1969 4302 eum
2020 4261 2168 4301 cum
2196 4238 2499 4321 jumento
2534 4260 2704 4300 com-
