3134 4842
2565 225 2646 289 39

433 387 731 469 καπνοῦ
795 379 985 452 σκιά.
1076 385 1193 450 Cfr
1259 385 1460 472 Soph.
1528 384 1697 449 Phil.
1749 387 1922 450 -9462
1977 379 2163 453 κούκ
2214 374 2373 455 οἶδ’
2419 383 2734 477 ἐναίρων

441 481 706 578 νεκρὸν
771 480 814 574 ἢ
877 489 1168 553 καπνοῦ
1235 481 1466 570 σκιάν,
1535 484 1849 553 εἴδωλον
1907 484 2184 565 ἄλλως.
2303 493 2490 570 Ant„
2534 494 2730 556 1170:

444 581 669 657 τᾶλλ’
715 582 855 676 ἕγσὲ
910 589 1200 654 καπνοῦ
1243 589 1446 664 σκιᾶς
1489 581 1627 653 οὐκ
1671 582 1764 653 ἄν
1807 589 2185 676 πριαιμην.
2262 591 2444 655 Haec-
2474 592 2729 657 locutio

438 689 874 778 proverbialis
940 689 1146 753 fuisse
1213 688 1494 753 videtur.
1559 727 1646 737 —
1698 688 1918 752 Locus
1964 691 2262 754 nondum
2310 693 2463 756 satis
2511 693 2733 780 expla-

440 805 632 859 natus
679 803 780 855 est
822 790 1015 853 Eum.
1063 791 1203 863 299,
1250 789 1365 871 ubi
1407 789 1644 853 Furiae
1694 788 1993 854 Orestem
2041 791 2133 856 sie
2180 792 2635 879 alloquuntur:

595 937 809 1007 οὔτοι
866 930 1367 1006 σ”Απόλλων
1419 932 1564 1005 οὐδ
1576 932 2027 1027 ’Ἀθηναίας
2082 939 2354 1019 σθένος

599 1033 904 1134 ῥύσαιτ’
910 1035 1003 1107 ἂν
1056 1035 1250 1107 ω’στε
1296 1035 1402 1128 μὴ
1456 1033 1549 1107 οὐ
1602 1041 2221 1131 παοημεληιιένον

598 1143 857 1233 ἔρρειν,
916 1137 1002 1208 τὸ
1048 1143 1338 1233 χαίρειν
1383 1137 1491 1230 μὴ
1539 1136 1896 1225 μαθόντ’
1952 1138 2149 1210 ὅπου
2204 1138 2530 1240 φρενοῦν,

598 1237 1014 1330 ἄναιματον
1064 1238 1436 1330 βόσκημα,
1494 1237 1913 1329 δαιμόνων
1932 1239 2163 1311 σκιάν.

438 1394 544 1460 Ita
606 1395 676 1458 in
741 1395 977 1459 ultimo
1045 1417 1240 1458 versu
1293 1394 1706 1481 interpungit
1749 1394 1950 1459 Dind.
1995 1396 2427 1460 vetustiorem
2472 1411 2734 1462 senten·

440 1496 600 1561 tiam
646 1494 1014 1560 Hermanni
1045 1490 1094 1577 1)
1149 1508 1432 1559 secutus.
1523 1496 1632 1559 Sic
1675 1496 1912 1559 Furiae
1960 1520 2108 1560 cum
2154 1499 2388 1562 acerba
2428 1499 2729 1563 irrisione

440 1597 768 1685 Orestem,
817 1598 1002 1681 cujus
1050 1595 1435 1682 sanguinem
1485 1619 1551 1659 se
1602 1598 1955 1660 exsorbere
2000 1597 2171 1661 velle
2212 1598 2562 1676 minantur,
2594 1624 2733 1663 um-

449 1699 628 1762 bram
705 1697 811 1761 dei
879 1697 1155 1781 alicujus
1202 1696 1344 1760 fore
1392 1697 1622 1761 dicunt
1665 1711 1968 1784 respecto
2014 1721 2075 1760 V.
2122 1698 2481 1763 Homerico
2528 1699 2604 1762 Il.
2672 1702 2731 1778 5,

446 1801 592 1877 342,
638 1799 752 1863 ubi
798 1798 877 1861 de
925 1797 1049 1863 diis
1097 1796 1365 1861 dicitur:
1414 1789 1713 1863 τοῦνεκ’
1745 1791 2137 1884 ἄναιμονές
2176 1797 2332 1864 εἰσι.
2410 1800 2541 1864 Sed
2570 1799 2732 1866 haec

440 1899 800 1987 explicatio
849 1912 915 1962 et
959 1898 1102 1961 aliis
1151 1897 1650 1963 difficultatibus
1695 1897 1947 1963 laborat
1990 1913 2057 1964 et
2101 1900 2494 1964 sententiam
2540 1901 2729 1964 valde

438 2001 732 2088 ineptam
802 2000 1091 2086 praebet.
1188 1999 1411 2063 Aliam
1483 1999 1861 2086 explicandi
1925 2000 2098 2064 viam
2165 2001 2290 2065 init
2353 2001 2551 2078 Weil,
2619 2002 2770 2088 qui-

408 2164 417 2181 ,
442 2116 597 2188 post
673 2094 1090 2187 ᾆναιματον
1162 2111 1230 2164 et
1305 2094 1688 2185 δαιμόνων
1765 2115 2089 2165 commate
2135 2101 2591 2190 ¹interpungit,
2647 2116 2733 2181 rut

443 2195 860 2285 ἄναιματον
912 2225 949 2265 a
1004 2192 1213 2265 σκιάν
1263 2201 1550 2286 pendeat
1596 2214 1663 2266 et
1704 2195 2052 2289 βόσκημα
2097 2196 2478 2288 δαιμόνων
2523 2203 2732 2290 expli-

437 2304 724 2368 cationis
772 2325 965 2367 causa
995 2301 1518 2388 interponantur,
1553 2302 1738 2388 quasi
1773 2303 2055 2367 dicatur:
2102 2295 2517 2388 ἄναιματον
2547 2302 2733 2384 (δαί-

438 2423 666 2489 μονες
709 2398 853 2495 γάρ
901 2422 978 2469 σε
1021 2395 1548 2489 βοσκήσονται)
1595 2397 1826 2469 σκιάν.
1914 2403 1993 2467 Id
2039 2405 2119 2467 ad
2149 2405 2542 2485 sententiam
2576 2405 2729 2469 satis

442 2516 673 2589 aptum
729 2518 846 2582 est,
902 2526 1292 2588 quamquam
1352 2503 1499 2567 talis
1558 2504 1979 2590 interpositio
2028 2504 2380 2569 admodum
2429 2507 2589 2570 dura
2633 2520 2733 2570 est

451 2626 662 2688 neque
743 2604 884 2669 aliis
963 2603 1356 2689 Aeschyleis
1423 2597 1747 2691 exemplis
1816 2604 2257 2669 confirmatur.
2373 2605 2727 2692 Utcunque

444 2705 769 2791 scriptura
811 2729 878 2769 se
926 2705 1141 2782 habet,
1188 2728 1323 2793 non
1369 2704 1622 2783 dubito,
1670 2705 1828 2791 quin
1862 2699 2071 2770 σκιάν
2099 2706 2190 2770 ita
2220 2706 2729 2793 intelligendum

440 2805 551 2887 sit,
597 2819 670 2870 ut
731 2806 1015 2883 Orestes,
1072 2806 1390 2891 sanguine
1448 2829 1484 2868 a
1527 2806 2075 2892 persequentibus
2119 2807 2337 2871 Furiis
2382 2808 2616 2871 hausto
2665 2822 2732 2872 et

445 2907 691 2971 viribus
762 2907 1008 2984 fractis,
1075 2907 1342 2971 umbrae
1411 2906 1642 2971 similis
1711 2908 1852 2971 fore
1922 2907 2204 2985 dicatur3
2274 2931 2401 2994 qua
2442 2908 2728 2995 imagine

445 3031 681 3094 corpus
759 3009 1138 3073 consectum
1217 3020 1284 3071 et
1356 3007 1769 3071 debilitatum
1848 3021 1995 3095 apte
2052 3009 2434 3073 declaratur.
2542 3008 2726 3072 Idem

425 3108 767 3194 judicasse
813 3109 1076 3173 videtur
1113 3107 1492 3172 scholiasta.
1532 3104 1575 3174 ὁ
1607 3104 1798 3196 μηδὲ
1833 3131 2016 3196 αιμα
2054 3104 2348 3198 σχήσων
2383 3104 2458 3189 ἐξ
2492 3105 2730 3198 ημων,

440 3202 636 3277 αλλὰ
700 3202 1196 3298 γενησόμενος
1248 3203 1437 3274 σκιά·
1492 3202 1936 3302 ῥοφήσομεν
1985 3232 2132 3300 γαρ
2189 3231 2327 3277 σου
2382 3204 2470 3277 τὸ
2522 3213 2729 3297 αἱμα.

436 3349 527 3360 -
571 3305 738 3377 σκιά
781 3323 882 3375 est
925 3315 1128 3395 imaqo
1172 3310 1536 3374 adumbrata
1582 3313 1712 3397 Ag.
1760 3313 1953 3375 1327:
2000 3305 2092 3376 ἰω
2137 3306 2451 3401 βρότεια
2492 3333 2733 3401 πραγ-

434 3433 597 3497 ματ
612 3404 657 3452 '·
734 3404 1186 3496 εὐτυχοῦντα
1251 3405 1391 3496 μὲν
1465 3413 1633 3495 σκιᾷ
1707 3432 1812 3487 τις
1877 3406 1970 3477 ἂν
2031 3411 2402 3502 πρέψειεν,
2470 3413 2548 3476 de
2597 3437 2727 3500 quo

439 3512 590 3577 loco
657 3512 830 3576 infra
895 3513 1069 3576 inter
1119 3511 1439 3596 imagines
1499 3535 1534 3575 a
1578 3511 1914 3599 pingendo
1964 3514 2189 3578 ductas
2233 3514 2603 3599 loquemur.
2646 3554 2732 3563 —

325 3620 331 3627 ’
436 3613 656 3679 Etiam
720 3614 799 3678 de
847 3615 975 3699 Ag.
1022 3614 1164 3689 967,
1210 3612 1324 3676 ubi
1368 3612 1599 3698 frigUS,
1646 3613 1824 3698 quod
1870 3615 2101 3678 umbra
2143 3616 2393 3679 arboris
2438 3617 2729 3702 praebet,

441 3714 657 3800 imago
704 3714 1040 3778 felicitatis
1088 3727 1206 3791 est,
1251 3712 1425 3776 infra
1468 3714 1783 3778 dicemuS.

609 3818 637 3899 ξ
683 3817 741 3880 8.
829 3815 994 3879 Luci
1060 3813 1327 3878 finitimi
1381 3827 1534 3878 sunt
1577 3817 1740 3897 iqui-s
1784 3824 1851 3879 et
1892 3814 2075 3891 calor,
2120 3838 2158 3879 a
2201 3816 2437 3902 quibus
2483 3817 2726 3881 multae

439 3914 762 4002 imagines
829 3915 1162 4002 profectae
1231 3928 1402 3980 sunt.
1490 3917 1713 4000 Atque
1771 3916 2055 4002 primum
2104 3916 2371 4002 quidem
2417 3916 2586 3982 nihil
2630 3930 2731 3983 est

439 4016 852 4103 frequentius
931 4040 1120 4102 quam
1189 4017 1481 4081 animum
1546 4016 1977 4081 vehementer
2041 4032 2447 4082 commotum
2513 4020 2730 4085 ardere

577 4180 620 4245 ¹)
660 4181 849 4229 Postea
898 4180 1215 4230 sententiam
1268 4179 1498 4227 mutavit
1538 4181 1595 4228 et
1636 4179 1810 4228 deleto
1845 4171 2010 4237 σκιάν
2044 4179 2255 4242 scripsit
2289 4173 2604 4245 ἀναίματον
2632 4173 2729 4247 βό-

430 4277 627 4330 σκημα
663 4261 841 4315 τῶνδε
879 4256 1187 4329 δαιμόνων.
