3134 4842
544 154 623 218 18

459 334 788 405 queretur,
836 320 892 384 si
934 321 1004 384 in
1048 320 1151 386 his
1199 323 1599 386 ornamentis
1648 324 1912 387 dicendi
1958 325 2163 410 magis
2209 327 2521 412 prodigus
2556 344 2755 394 esset.

462 420 592 484 Sed
658 444 694 483 a
759 433 979 485 cetera
1035 422 1454 508 simplicitate
1517 423 1627 485 vel
1681 424 1966 486 maxime
2014 424 2389 509 discrepant
2433 429 2754 510 quaedam

461 522 742 599 stasima,
809 545 973 607 quae
1043 546 1242 608 quum
1307 523 1376 585 in
1443 522 1638 586 rebus
1698 523 1883 587 elatis
1940 536 2006 586 et
2050 523 2130 586 ad
2175 524 2562 611 religionem
2607 551 2756 614 per-

457 622 824 686 tinentibus
888 636 1251 698 versentur,
1319 645 1624 708 magnam
1682 624 2176 687 contentionem
2222 625 2487 689 dicendi
2528 641 2756 714 postu-

458 723 618 787 lent.
723 724 804 787 In
869 723 970 786 his
1039 746 1238 808 quum
1304 723 1510 809 ipsius
1578 724 1675 786 rei
1730 724 2046 810 gravitate
2103 737 2404 789 teneatur
2447 740 2513 790 et
2566 727 2756 813 quasi

461 825 904 900 absorbeatur,
951 846 1146 909 saepe
1192 836 1326 886 tam
1373 823 1498 887 alte
1546 822 1961 902 evolat,'tam
1990 826 2260 889 incitato
2303 850 2489 891 cursu
2522 826 2755 906 fertur,

459 937 640 989 tanta
704 918 1018 987 varietate
1089 937 1155 987 et
1213 924 1563 1010 splendore
1613 925 1904 989 colorum
1949 926 2172 1003 utitur,
2218 939 2292 991 ut
2333 928 2611 1014 vestigia
2654 929 2755 991 in-

460 1047 886 1112 gressumque
956 1025 1096 1109 ejus
1162 1025 1279 1087 vix
1345 1026 1653 1111 persequi
1716 1027 2063 1112 possimus.
2138 1025 2237 1113 ,In
2291 1027 2530 1092 talibus
2586 1029 2754 1095 locis

461 1150 594 1189 non
660 1148 803 1188 raro
870 1125 940 1187 in
1010 1126 1476 1189 obscuritatem
1541 1127 1808 1202 incidit;
1869 1140 2087 1191 tamen
2133 1126 2458 1191 incertum
2504 1142 2622 1206 est,
2669 1153 2751 1193 an

459 1226 653 1310 hujus
701 1226 1115 1290 obscuritatis
1163 1249 1356 1290 causa
1397 1250 1634 1313 magna
1681 1251 1764 1290 ex
1808 1240 1991 1313 parte
2036 1228 2105 1290 in
2138 1228 2520 1314 depravatas
2554 1231 2758 1317 scrip·

459 1341 636 1391 turas
705 1325 992 1390 conferri
1059 1327 1315 1391 debeat.
1427 1327 1590 1411 Ejus
1658 1328 1917 1413 generis
1986 1341 2139 1403 sunt
2204 1330 2423 1392 omnia
2486 1331 2754 1397 stasima

460 1428 1002 1514 Agamemnonis,
1081 1428 1364 1521 primum
1438 1428 1776 1491 stasimum
1842 1427 2400 1515 Choephororum‚
2463 1430 2749 1515 primum

462 1528 866 1614 Supplicum.
976 1528 1151 1606 Quos
1221 1529 1486 1614 quidem
1543 1541 1611 1592 et
1671 1529 2025 1592 nonnullos
2072 1529 2232 1593 alios
2279 1530 2523 1594 similes
2566 1531 2790 1593 locos

461 1629 517 1692 si
583 1630 725 1714 quis
795 1652 944 1692 cum
1008 1628 1259 1693 floridis
1326 1629 1457 1692 illis
1519 1641 1587 1693 et
1651 1628 1923 1693 fervidis
1972 1630 2364 1694 carminibus
2410 1643 2752 1717 poetarum

462 1729 893 1793 Orientalium
940 1753 1314 1816 comparare
1361 1730 1665 1808 voluerit,
1707 1729 1881 1793 haud
1925 1732 2327 1816 repugnabO.
2415 1731 2545 1795 Sed
2580 1731 2758 1794 inter

462 1830 830 1895 Orientales
879 1844 945 1893 et
989 1830 1397 1916 Aeschylum
1442 1831 1509 1894 id
1554 1831 1908 1894 intercedit
1952 1830 2324 1907 discrimen,
2372 1832 2547 1915 quod
2579 1832 2752 1916 apud

459 1932 608 1995 illos
678 1931 749 1994 hi
814 1931 1079 1995 dicendi
1138 1930 1355 2009 flores,
1424 1932 1504 1995 de
1574 1932 1808 2016 quibus
1869 1931 2259 2016 quaerimus,
2312 1954 2432 2016 per
2489 1954 2753 1995 omnem

463 2033 824 2095 orationem
881 2031 1312 2115 aequabiliter
1365 2032 1499 2095 fusi
1552 2045 1724 2110 sunt,
1783 2055 1910 2116 quo
1958 2029 2050 2107 fit,
2094 2044 2170 2094 ut
2212 2055 2406 2117 saepe
2454 2032 2758 2095 similitu-

463 2133 634 2196 dinis
699 2132 996 2195 satietate
1065 2130 1463 2217 defatigent3
1532 2133 1705 2219 apud
1760 2131 1934 2195 hunc
1981 2132 2204 2216 paucis
2250 2133 2641 2217 quibusdam
2688 2146 2779 2196 ete

459 2233 831 2319 insignibus
884 2232 1046 2296 locis
1093 2245 1527 2296 reservantur.
1614 2232 1847 2317 Neque
1893 2233 1962 2295 in
1998 2231 2124 2296 hoc
2157 2233 2310 2296 satis
2345 2256 2573 2296 causae
2609 2256 2751 2296 esse

461 2334 741 2410 videtur,
789 2330 985 2418 quare
1033 2333 1390 2396 dictionem
1434 2332 1756 2419 Aeschyli
1801 2333 2068 2396 omnino
2112 2333 2430 2396 tumidam
2469 2346 2536 2397 et
2572 2332 2758 2397 infia—

462 2448 594 2498 tam
643 2434 1145 2524 esseodicamus.
1929 2441 1936 2457 '

628 2536 830 2621 Apud
874 2534 1283 2620 Aeschylum
1329 2558 1461 2598 non
1506 2534 1704 2597 modo
1749 2534 1992 2619 lyricae
2027 2547 2092 2597 et
2123 2533 2483 2620 dialogicae
2513 2548 2757 2621 parteS,

465 2636 580 2700 sed
627 2637 822 2699 etiam
869 2636 1165 2722 singulae
1210 2635 1590 2721 tragoediae
1636 2634 1865 2698 habitu
1908 2635 2053 2719 ipso
2102 2648 2168 2697 et
2194 2635 2411 2699 colore
2445 2636 2757 2699 dictionis

462 2738 636 2801 inter
690 2760 758 2800 se
806 2737 1068 2800 distant.
1156 2737 1446 2799 Maxime
1494 2736 1708 2799 nudus
1756 2748 1822 2798 et
1861 2750 2082 2798 rectus
2128 2748 2194 2799 et
2235 2736 2607 2822 incomptus
2655 2749 2758 2799 est

463 2839 531 2901 in
578 2837 971 2912 Prometheo3
1037 2859 1232 2922 quare
1298 2835 1461 2900 haec
1525 2835 1863 2921 tragoedia
1929 2837 2222 2899 omnium
2287 2836 2596 2899 facillima
2651 2848 2752 2897 est

463 2938 826 3001 intellectu.
883 2937 945 3000 N
951 2961 1049 3001 on-
1080 2936 1288 2999 multo
1334 2936 1818 3021 frequentiores
1866 2949 2017 2999 sunt
2058 2937 2376 3023 imagines
2420 2937 2489 3008 in
2519 2935 2756 3010 Persis,

465 3062 629 3125 quae
691 3052 831 3102 tota
894 3037 1032 3100 fere
1085 3037 1290 3099 latum
1338 3037 1668 3122 quoddam
1714 3049 1780 3099 et
1821 3038 2164 3100 vetustatis
2210 3038 2427 3100 colore
2472 3036 2752 3099 tinctum

465 3163 672 3227 genus
719 3139 984 3203 dicendi
1025 3137 1241 3201 habet.
1328 3137 1545 3202 Etiam
1592 3137 1660 3200 in
1693 3137 2160 3216 Eumenidibm,
2194 3139 2249 3202 si
2290 3139 2453 3201 duae
2484 3136 2755 3200 ultimae

466 3239 770 3326 strophae
828 3239 1102 3303 secundi
1158 3238 1408 3301 stasimi
1453 3250 1520 3301 et
1561 3237 1757 3323 pauci
1799 3238 1925 3300 alii·
1952 3236 2085 3301 loci
2129 3238 2566 3324 excipiuntur,
2620 3237 2759 3300 dic·

463 3341 644 3404 tione
692 3340 975 3426 simplici
1020 3352 1087 3403 et
1127 3340 1464 3424 incompta
1506 3339 1732 3415 utitur,
1780 3361 1942 3422 quae
1990 3340 2068 3428 ad
2098 3361 2359 3423 prosam
2391 3339 2753 3401 orationem

463 3464 667 3528 prope
716 3441 1001 3504 accedat.
1087 3440 1490 3526 Imaginibus
1534 3435 1740 3525 magis
1774 3439 2119 3502 distinctae
2153 3452 2305 3503 sunt
2333 3438 2459 3502 hoc
2492 3439 2756 3502 ordine:

468 3541 810 3627 Supplices,
879 3543 1123 3627 Septem
1185 3552 1393 3605 contra
1468 3542 1526 3603 T
1519 3541 1717 3617 keba-3,
1774 3538 2130 3625 Choephori.
2220 3539 2348 3603 Sed
2392 3538 2754 3625 imaginum

465 3657 533 3706 et
595 3641 971 3727 frequentia
1032 3655 1099 3705 et
1153 3642 1503 3728 splendore
1560 3641 1735 3704 inter
1780 3663 2007 3705 omnes
2054 3640 2301 3703 eminet
2347 3645 2756 3724 Ayamemno3

467 3767 594 3829 quo
663 3743 969 3820 adducor,
1002 3726 1099 3806 ‘ut
1144 3743 1404 3807 credam
1454 3765 1587 3818 coe,
1635 3741 1746 3825 qui
1792 3764 2161 3805 sermonem
2204 3740 2601 3826 imaginibus
2648 3739 2758 3804 ab·

462 3845 824 3908 undantem
869 3842 1190 3928 Aeschyli
1230 3844 1565 3928 proprium
1599 3865 1739 3906 esse
1773 3841 2102 3918 dixerunt,
2136 3865 2221 3904 ex
2251 3844 2756 3927 Agamemnone

457 3944 783 4030 judicium
850 3943 1107 4021 fecisse,
1166 3944 1408 4029 quippe
1457 3967 1621 4029 quae
1671 3942 1963 4006 omnium
2016 3942 2301 4005 maxime
2359 3953 2514 4004 not-a
2559 3952 2755 4004 esset.

465 4044 542 4108 In
589 4068 666 4108 ea
708 4069 842 4108 non
888 4045 1085 4108 modo
1129 4043 1371 4129 lyricae
1416 4058 1633 4131 partes
1675 4042 2073 4128 metaphoris
2115 4058 2181 4107 et
2213 4041 2753 4106 similitudinibus

467 4146 915 4210 audacissimis
982 4145 1344 4223 abundant3
1417 4146 1612 4209 etiam
1682 4144 1751 4206 in
1819 4143 2078 4229 dialogo
2145 4144 2335 4207 nobis
2390 4141 2754 4205 identidem
