3134 4842
495 192 576 256 24

407 382 490 423 zu
541 359 873 424 benutzen
937 360 1076 425 und
1142 361 1255 425 das
1314 358 1486 422 stille
1536 357 1740 424 Reich
1785 360 1902 424 der
1956 360 2423 426 Pflanzenwelt
2467 385 2549 425 zu
2591 363 2709 426 be—

410 459 754 524 obachten.
842 461 1038 525 Auch
1103 461 1252 525 sind
1316 457 1454 522 ihm
1520 459 1797 525 manche
1852 461 2243 549 Metaphern
2294 462 2433 526 und
2475 462 2710 527 Bilder

408 560 623 646 eigen,
690 559 938 625 welche
1008 585 1079 626 er
1134 562 1262 625 den
1319 559 1626 646 sinnigen
1670 560 2125 649 Erfindungen
2175 562 2291 626 der
2334 563 2699 627 Menschen

409 661 764 726 entlehnt”.
856 662 1063 741 Quam
1132 662 1399 747 quidem
1465 662 1861 726 sententiam
1928 663 2167 727 summi
2229 664 2354 728 viri
2419 665 2701 750 probare

407 785 546 826 non
609 786 900 849 possum,
969 763 1086 827 sed
1153 762 1432 827 arbitror
1497 785 1647 826 eum
1712 762 1958 827 idcirco
2010 764 2103 829 ita
2148 764 2501 848 judicasse,
2549 764 2711 850 quia

408 862 648 927 alterae
703 863 1024 951 imagines
1069 862 1423 951 granditati
1467 862 1809 950 Aeschyli,
1854 864 2093 928 alterae
2140 864 2285 928 miti
2330 879 2397 930 et
2437 865 2705 952 placido

405 962 680 1051 ingenio
736 957 1190 1053 (γλυκύτητι)
1237 961 1587 1049 Sophoclis
1635 965 1990 1029 convenire
2036 965 2435 1043 viderentur,
2481 988 2695 1050 neque

407 1064 764 1150 diligenter
826 1064 897 1128 in
951 1088 1090 1129 rem
1145 1065 1357 1151 ipsam
1399 1062 1844 1150 inquisivisse.
1931 1064 2260 1143 Quantum
2307 1090 2431 1153 ego
2476 1066 2705 1144 videO,

403 1164 579 1228 inter
642 1165 962 1252 imagines
1029 1166 1109 1230 ab
1175 1164 1515 1250 Aeschylo
1583 1178 1648 1228 et
1706 1164 2035 1251 Sophocle
2083 1165 2426 1245 adhibitas,
2473 1167 2529 1231 si
2572 1189 2699 1244 reS,

406 1265 581 1329 unde
628 1279 925 1352 sumptae
973 1279 1145 1344 sunt,
1202 1265 1663 1352 respiciuntur,
1708 1266 1891 1330 nulla
1935 1280 2454 1331 commemoratu
2498 1268 2710 1354 digna

408 1365 778 1430 differentia
818 1351 1189 1432 intercedit.
1279 1365 1516 1430 Omnia
1558 1365 1674 1429 illa
1715 1385 1977 1452 genera,
2024 1390 2187 1452 quae
2235 1366 2697 1431 Schneidewin

407 1468 965 1554 commemoravit,
1037 1467 1298 1553 utrique
1354 1480 1591 1553 poetae
1651 1490 1854 1552 aeque
1900 1467 2249 1532 familiaria
2292 1479 2462 1531 sunt.
2549 1466 2704 1530 Etsi

407 1568 748 1652 cujusdam
812 1568 1073 1655 generis
1140 1567 1504 1655 imaginum
1569 1590 1704 1630 uno
1759 1567 1868 1631 vel
1911 1568 2114 1632 altero
2158 1568 2349 1654 plura
2392 1567 2707 1654 exempla

407 1668 580 1754 apud
644 1668 1027 1733 alterutrum
1095 1692 1320 1733 eorum
1377 1667 1817 1746 inveniantur,
1873 1669 1942 1732 id
1988 1692 2141 1733 casu
2186 1668 2433 1733 factum
2477 1691 2695 1755 neque

404 1768 603 1834 ullius
649 1770 970 1850 momenti
1011 1769 1390 1834 habendum
1433 1782 1618 1855 put0.
1677 1768 1887 1848 ,Quod
1918 1769 1999 1833 ad
2026 1769 2413 1857 Euripidem
2443 1769 2707 1847 attinet,

405 1892 510 1934 me
579 1870 867 1934 carmina
921 1872 1062 1956 ejus
1108 1865 1325 1934 minus
1371 1883 1532 1933 nota
1573 1869 1814 1933 habere
1862 1870 2200 1949 confiteor,
2247 1894 2440 1956 quam
2484 1883 2560 1934 ut
2613 1870 2700 1935 de

402 1967 821 2056 imaginibus,
890 1971 1124 2056 quibus
1179 1993 1336 2035 usus
1382 1983 1501 2047 est,
1548 1969 1903 2056 quidquam
1950 1970 2271 2035 affirmare
2319 1970 2592 2036 audeam
2623 1964 2705 2054 ¹).

407 2070 673 2134 Certum
741 2084 843 2135 est
893 2085 1116 2136 tamen
1171 2094 1278 2136 eas
1332 2071 1541 2134 multo
1597 2070 1938 2157 pauciores
1985 2095 2128 2135 esse
2175 2095 2368 2157 quam
2412 2085 2480 2136 et
2523 2072 2697 2158 apud

406 2171 814 2257 Aeschylum
861 2184 928 2236 et
971 2172 1145 2258 apud
1192 2170 1614 2257 Sophoclem.

575 2271 764 2350 Quod
810 2295 1006 2358 supra
1048 2272 1210 2350 dixi,
1254 2271 1556 2336 homines
1602 2271 1673 2334 in
1719 2273 2157 2359 comparando
2205 2273 2288 2338 ad
2334 2295 2442 2337 eas
2488 2295 2591 2335 res
2626 2295 2704 2336 se

407 2386 813 2450 convertere,
861 2395 1025 2458 quae
1079 2373 1160 2436 iis
1213 2372 1500 2437 maxime
1547 2395 1739 2436 curae
1786 2389 2024 2451 essent,
2070 2396 2361 2460 quasque
2407 2373 2704 2437 maxime

407 2473 703 2560 cognitas
759 2472 1100 2552 haberent,
1144 2486 1366 2538 tamen
1410 2496 1546 2536 non
1590 2473 1684 2537 ita
1728 2473 2184 2560 accipiendum
2230 2487 2348 2552 est,
2395 2474 2582 2560 quasi
2624 2474 2696 2537 in

408 2597 638 2639 omnes
703 2574 918 2640 valeat
981 2598 1196 2660 neque
1264 2574 1467 2638 ullam
1532 2574 1999 2660 exceptionem
2065 2568 2383 2640 admittat.
2468 2578 2703 2660 Atque·

403 2675 691 2762 primum
746 2675 1012 2760 quidem
1058 2676 1391 2739 neminem
1421 2674 1738 2761 praeterit
1764 2675 1931 2738 illud
1958 2676 2163 2763 magis
2193 2676 2265 2740 in
2296 2699 2408 2739 eos
2442 2676 2705 2753 cadere,

408 2776 520 2863 qui
562 2775 786 2840 nativo
834 2788 901 2840 et
943 2776 1228 2863 simplici
1269 2788 1545 2840 utuntur
1579 2774 1854 2856 ‘dicendi
1897 2799 2159 2862 genere,
2207 2800 2396 2862 quam
2443 2778 2514 2841 in
2558 2801 2704 2855 eos,

407 2876 520 2963 qui
566 2877 704 2940 sive
747 2875 817 2938 in
863 2876 1145 2940 dicendo
1191 2877 1329 2940 sive
1373 2877 1443 2939 in
1489 2876 1837 2940 scribendo
1869 2877 2205 2941 artificiosi
2236 2891 2405 2943 sunt.
2479 2877 2704 2940 Alteri

408 2977 607 3064 enim⁸
648 2977 718 3040 id
772 2976 1113 3064 proprium
1157 2976 1421 3053 habent,
1467 2989 1559 3054 ut,
1608 2982 1808 3062 q'uum
1851 3001 1990 3042 rem
2035 2978 2319 3063 aliquam
2365 2971 2703 3062 compara-

405 3078 590 3144 tione
636 3077 744 3141 vel
788 3077 1198 3164 splendidius
1244 3100 1562 3141 exornare
1607 3077 1716 3141 vel
1761 3078 2044 3164 apertius
2083 3078 2409 3142 declarare
2439 3078 2702 3156 volunt,

405 3179 478 3243 id
541 3200 801 3265 semper
862 3178 1195 3265 arripiant,
1251 3178 1430 3264 quod
1484 3178 1768 3264 primum
1814 3192 1881 3243 et
1921 3191 2252 3263 tamquam
2297 3201 2413 3242 sua
2457 3193 2697 3265 sponte

405 3280 476 3345 in
521 3292 812 3343 mentem
870 3278 1148 3356 incidat3
1206 3278 1392 3343 alteri
1437 3292 1655 3343 autem
1702 3301 1896 3365 saepe
1951 3278 2307 3344 studiosius
2353 3293 2698 3366 quaerunt,

408 3380 645 3466 quibus
714 3379 1083 3444 orationem
1150 3403 1332 3444 suam
1397 3379 1723 3467 illustrare
1789 3380 2066 3466 possint,
2121 3379 2378 3444 etiamsi
2422 3405 2459 3445 a
2500 3381 2698 3445 rebus

406 3480 679 3546 remotis
723 3480 1070 3566 minusque
1117 3480 1400 3568 cognitis
1444 3480 1735 3567 petenda
1778 3492 1949 3544 sunt.
2037 3479 2377 3560 Omnibus,
2425 3481 2537 3567 qui
2574 3481 2698 3545 La-

406 3581 563 3647 tinis
628 3581 837 3646 literis
896 3582 1147 3646 eruditi
1204 3595 1375 3659 sunt,
1432 3593 1662 3645 notum
1722 3593 1823 3644 est
1875 3581 2048 3668 apud
2088 3581 2420 3647 Romanos
2467 3594 2702 3646 exacta

409 3705 621 3760 aurea,
689 3705 853 3768 quae
919 3696 1208 3761 vocatur,
1277 3694 1508 3759 aetate,
1577 3704 1777 3766 quum
1844 3693 1912 3744 et
1960 3681 2188 3768 lingua
2228 3682 2695 3769 peregrinitate

405 3783 629 3849 infusa
693 3783 1025 3870 corrumpi
1091 3797 1157 3857 et
1223 3783 1488 3870 elegans
1544 3805 1903 3867 sanumque
1959 3783 2193 3846 artium
2231 3782 2557 3868 judicium
2599 3784 2699 3847 in-

545 3962 589 4028 ¹)
625 3963 887 4022 RADTKE,
934 3962 1011 4011 De
1044 3962 1215 4025 tropis
1251 3961 1390 4024 apud
1423 3961 1656 4024 tragicos
1690 3960 1925 4021 Graecos,
1960 3976 2012 4024 p.
2049 3962 2134 4011 35:
2198 3960 2302 4011 ”Et
2337 3964 2404 4012 ab
2439 3963 2699 4027 Aeschylo

408 4049 463 4096 et
514 4060 547 4094 a
600 4045 851 4109 Sophocle
903 4045 1183 4111 Euripides
1224 4045 1326 4094 hac
1358 4060 1415 4095 re
1449 4045 1629 4104 distat,
1666 4044 1804 4107 quod
1839 4044 2315 4108 splendidissimam
2350 4062 2610 4111 quamque
2644 4050 2698 4097 et

406 4129 701 4180 munditiae
746 4129 1032 4193 nitor-isque
1074 4130 1434 4192 plenissimam
1470 4131 1702 4178 sectatur
1734 4129 2109 4193 metaphoram,
2145 4132 2386 4194 quamvis
2421 4133 2492 4181 sit
2524 4131 2700 4182 minus

407 4213 730 4278 perspicua”.
