3134 4842
2544 225 2648 289 23.

406 398 484 462 in
552 396 789 485 quibus
857 395 1131 510 quisque
1197 395 1386 472 vixit,
1455 393 1824 481 quibusque
1883 391 2179 506 negotiis
2220 404 2287 456 et
2331 390 2709 477 occupatio-

409 499 628 575 nibus,
676 498 730 561 si
776 520 912 560 non
955 496 1118 582 ipse,
1165 509 1230 560 at
1280 508 1501 560 tamen
1546 494 1853 581 populus,
1895 493 2080 578 cujus
2124 492 2284 558 civis
2319 505 2475 569 erat,
2507 490 2710 556 fuerit

408 598 697 663 deditus.
785 597 975 660 Hanc
1023 597 1107 660 ob
1155 619 1413 660 causam
1459 608 1527 659 et
1571 595 1733 658 utile
1782 607 1849 658 et
1885 593 2254 680 jucundum
2285 592 2427 657 fore
2459 593 2706 679 putavi,

407 700 470 765 si
543 699 864 784 imagines
931 695 1301 782 Aeschyli
1314 697 1406 760 ita
1470 694 2016 782 pei-censuissem,
2083 707 2159 757 ut
2223 717 2472 771 omnes,
2540 716 2705 778 quae

410 800 679 864 easdem
724 821 826 862 res
850 804 1264 884 ‘,spectarent
1309 820 1515 861 unum
1557 796 1630 859 in
1674 796 1896 860 locum
1929 795 2319 859 conferrem.
2384 794 2486 858 Ita
2516 815 2710 880 appa-

408 900 586 965 rebit
642 923 792 964 eum
836 898 1048 962 nullas
1095 898 1354 985 saepius
1401 896 1776 961 adhibuisse
1825 919 2019 981 quam
2066 918 2194 972 eas,
2242 917 2405 980 quae
2452 918 2488 957 a
2532 894 2711 958 navi-

406 1002 680 1088 gatione
738 1013 806 1064 et
854 1000 1202 1085 piscatura,
1267 1022 1303 1061 a
1359 998 1551 1061 maris
1597 996 1904 1061 fluctibus
1950 1009 2018 1060 et
2059 996 2582 1081 tempestatibus,
2628 995 2708 1059 ab

405 1102 493 1165 iis
564 1101 848 1186 denique
913 1101 1130 1178 rebus,
1199 1122 1364 1184 quae
1432 1098 1514 1161 ad
1578 1120 1754 1161 mare
1826 1097 2181 1183 pertinent,
2250 1097 2382 1161 sint
2442 1096 2710 1182 petitae.

413 1202 648 1287 Neque
694 1201 764 1264 id
806 1200 1041 1264 mirum
1091 1213 1220 1276 est;
1271 1198 1732 1263 Athensiensis
1780 1211 1937 1276 erat,
1976 1220 2172 1283 quem
2200 1197 2525 1284 populum
2554 1197 2709 1260 inde

410 1304 498 1368 ab
568 1301 1037 1387 antiquissimis
1102 1300 1510 1387 temporibus
1586 1299 1668 1362 ad
1732 1321 1910 1362 mare
1966 1298 2155 1362 sedes
2212 1321 2358 1363 suas
2403 1297 2710 1362 habuisse

414 1416 488 1466 et
531 1402 968 1488 navigationis
1015 1401 1570 1466 studiosissimum
1605 1399 1809 1463 fuisse
1843 1404 2127 1475 constat3
2175 1422 2251 1462 ea
2283 1411 2492 1463 aetate
2523 1398 2712 1476 vixit,

413 1527 622 1589 quum
688 1503 1135 1566 Athenienses
1160 1501 1274 1564 ‘ad
1328 1500 1640 1564 maritimi
1692 1500 1957 1587 imperii
1999 1499 2442 1586 principatum
2486 1522 2715 1585 perve-

418 1616 664 1667 nerunt
718 1616 913 1687 atque
960 1602 1157 1665 etiam
1200 1614 1565 1667 mercatura
1610 1601 1934 1664 maritima
1978 1601 2151 1686 apud
2197 1623 2310 1663 eos
2354 1599 2711 1664 laetissime

420 1703 738 1766 effloruit.
826 1701 1232 1788 Aeschylum
1284 1702 1502 1788 ipsum
1558 1714 1626 1765 et
1668 1696 1940 1787 proeliis
1987 1701 2327 1765 navalibus
2352 1694 2547 1787 ‘apud
2591 1701 2715 1764 Ar-

417 1803 758 1867 temisium
812 1826 885 1867 ac
933 1802 1259 1867 Salamina
1300 1803 1489 1866 factis
1535 1801 1916 1866 interfuisse
1962 1815 2030 1865 et
2073 1801 2154 1875 ad
2198 1800 2491 1865 Siciliam
2536 1800 2716 1863 navi-

415 1927 609 1990 gasse
656 1917 911 1967 veteres
957 1904 1308 1990 scriptores
1353 1916 1694 1967 testantur.
1782 1902 2026 1965 Earum
2058 1924 2319 1987 quoque
2350 1901 2714 1986 imaginum

417 1993 660 2091 magna
704 2005 896 2091 copia
938 2005 1111 2089 apud
1155 2003 1566 2089 Aeschylum
1610 2003 1965 2081 invenitur,
2012 2025 2175 2088 quae
2209 2003 2286 2067 ab
2319 2001 2715 2088 agricultura

414 2118 489 2170 et
551 2106 746 2170 rebus
818 2128 966 2169 cum
1035 2127 1113 2168 ea
1175 2105 1567 2189 conjunctis,
1607 2118 1699 2168 ‘ut
1744 2105 1822 2168 ab
1870 2104 2056 2189 equis
2102 2116 2169 2168 et
2212 2103 2354 2167 aliis
2391 2102 2712 2187 jumentis

418 2205 749 2293 regendis,
817 2205 1200 2292 desumptae
1270 2218 1450 2282 sunt3
1517 2228 1656 2269 non
1700 2228 1946 2291 paucae
1991 2204 2416 2269 venationem
2464 2216 2531 2268 et
2572 2227 2712 2267 rem

414 2307 793 2394 pecuariam
858 2319 1176 2392 spectant.
1283 2306 1534 2370 Notum
1602 2319 1703 2370 est
1765 2304 2212 2368 Athenienses
2274 2304 2388 2368 illa
2452 2327 2712 2390 quoque

414 2407 695 2471 artificia
760 2431 898 2470 non
958 2407 1156 2471 modo
1225 2406 1306 2470 ad
1369 2407 1619 2471 victum
1685 2406 2057 2470 necessaria
2120 2405 2716 2483 existimasse,‘sed

420 2508 623 2571 etiam
690 2529 929 2592 magno
997 2507 1214 2571 studio
1261 2507 1606 2592 amplexos
1653 2529 1797 2570 esse
1846 2519 1912 2570 et
1956 2510 2070 2569 eos
2118 2506 2315 2583 cives,
2363 2506 2476 2590 qui
2517 2505 2589 2570 in
2633 2505 2716 2569 iis

420 2621 861 2685 versarentur,
905 2631 1143 2695 magno
1186 2607 1256 2671 in
1300 2607 1552 2671 honore
1596 2607 1923 2672 habuisse.
2011 2606 2301 2670 Maxime
2334 2619 2554 2669 autem
2586 2606 2719 2670 ani-

426 2731 571 2772 mus
637 2704 909 2794 poetae‘
940 2708 1021 2771 ad
1083 2722 1381 2773 naturam
1445 2721 1657 2772 terrae
1716 2731 1869 2771 suae
1930 2731 2132 2793 quum
2175 2706 2530 2770 inanimam
2575 2719 2717 2771 tum

422 2809 811 2896 praesertim
856 2796 1208 2875 animatam
1251 2833 1318 2874 se
1367 2808 1723 2884 convertit;
1770 2831 1856 2872 ex
1900 2831 2030 2893 quo
2076 2805 2301 2871 videre
2347 2830 2717 2894 possumus,

259 2984 266 2992 ,
370 2914 381 2919 ’
417 2922 706 2996 quantus
771 2909 975 2974 fuerit
1026 2923 1325 2999 veterum
1373 2909 1774 2974 Graecorum
1817 2922 2087 2973 naturae
2134 2931 2332 2986 amor,
2379 2919 2720 2993 quantum·

419 3033 551 3096 que
605 3010 802 3075 rebus
861 3011 1003 3096 ejus
1051 3010 1476 3074 observandis
1523 3010 1834 3074 delectati
1880 3010 2029 3074 sint.
2118 3009 2301 3074 Haec
2348 3009 2568 3073 omnia
2612 3032 2721 3096 ge-

420 3116 584 3175 nera
624 3110 1008 3196 imaginum,
1055 3133 1220 3197 quae
1267 3111 1604 3196 Aeschylo
1649 3125 1913 3197 praeter
1956 3123 2175 3174 cetera
2198 3109 2524 3196 placuisse
2558 3109 2719 3187 dixi,

418 3212 622 3275 etiam
671 3211 844 3322 apud
890 3210 1055 3275 alios
1101 3212 1401 3297 ejusdem
1447 3212 1675 3277 aetatis
1724 3225 1953 3298 poetas
1984 3211 2521 3296 frequentissima
2547 3222 2719 3275 sunt.

420 3300 732 3376 Invenio
748 3312 1110 3376 nonnullos
1155 3313 1383 3377 doctos
1427 3312 1606 3376 viros
1636 3312 1812 3376 inter
1840 3325 1971 3376 tres
2001 3311 2154 3375 illos
2183 3310 2466 3396 tragicos
2499 3310 2722 3376 discri-

424 3408 578 3477 men
625 3412 1016 3497 quoddam
997 3436 1068 3476 111
1112 3414 1328 3490 rebuS,
1375 3437 1412 3476 a
1457 3413 1694 3498 quibus
1739 3412 2061 3499 imagines
2108 3434 2254 3475 suas
2302 3412 2721 3498 sumpserint,

418 3525 732 3578 statuere.
820 3512 921 3576 Ita
965 3512 1427 3578 Schneidewin
1473 3513 1883 3599 Aeschylum
1930 3525 1998 3577 et
2043 3512 2442 3598 Sophoclem
2484 3514 2554 3576 in
2598 3512 2721 3578 hac

419 3612 493 3677 re
548 3614 829 3677 multum
873 3613 1047 3677 inter
1091 3636 1159 3677 se
1207 3613 1468 3678 differre
1517 3614 1881 3678 contendit.
1967 3613 2194 3699 Ipsum
2242 3612 2577 3677 audiamus
2624 3613 2721 3699 (in

425 3706 832 3799 praefatione
899 3714 1211 3778 editionis
1265 3715 1751 3801 tragoediarum
1798 3711 2167 3799 Sophoclis.
2254 3713 2479 3778 Berlin
2528 3715 2721 3791 1860;

428 3836 493 3899 p.
539 3814 1227 3902 39).—1›gleichwie
1275 3816 1380 3879 die
1426 3815 1810 3879 Bilderwelt
1842 3814 2074 3880 beider
2101 3813 2378 3879 Dichter
2405 3814 2558 3879 weit
2585 3837 2721 3878 von

422 3913 743 4005 einander
803 3915 1105 3981 absticht.
1191 3914 1564 4001 Aeschylos
1620 3915 1798 3980 zieht
1840 3938 2003 4001 gern
2047 3913 2447 3981 Raubthiere
2491 3913 2722 3980 herbei

422 4011 588 4113 und*
631 4012 812 4080 weilt
876 4015 997 4080 mit
1058 4016 1372 4105 Behagen
1429 4017 1549 4080 auf
1596 4016 1748 4080 dem
1800 4017 2043 4081 weiten
2088 4015 2335 4093 Meere,
2390 4015 2502 4079 bei
2544 4014 2723 4103 Jagd

422 4081 588 4180 und
629 4113 992 4194 Fischerei,
1037 4141 1360 4205 wogegen
1407 4116 1778 4204 Sophokles
1824 4139 1893 4181 es
1939 4115 2255 4195 vorzieht,
2302 4115 2720 4194 Hausthiere,

425 4215 835 4282 namentlich
902 4217 1015 4281 das
1082 4218 1228 4282 edle
1295 4219 1484 4296 Ross,
1550 4219 1689 4282 und
1747 4218 2107 4305 Singvogel
2150 4241 2232 4281 zu
2275 4216 2723 4304 Vergleichen

1108 4418 1129 4456 l
