3134 4842
499 166 576 229 16

412 355 568 410 non,
635 332 809 418 quod
877 332 1129 396 solutae
1177 331 1491 395 orationis
1550 330 1903 417 scriptores
1961 336 2214 414 volunt,
2263 335 2513 421 aliquid
2562 357 2711 421 per-

415 433 642 520 spicue
709 433 969 510 docere,
1033 432 1115 497 iis
1181 455 1455 496 necesse
1524 445 1626 496 est
1668 432 1876 520 magis
1945 436 2027 501 ad
2084 459 2315 501 sensus
2360 435 2708 499 hominum

415 557 608 620 quam
654 534 736 597 ad
779 547 1071 597 mentem
1119 545 1187 597 et
1230 533 1701 619 cogitationem
1748 557 1818 598 se
1864 550 2273 600 convertere.
2335 535 2458 601 Vis
2491 548 2710 600 autem

414 634 721 721 imaginis
786 634 856 697 in
904 657 982 698 eo
1027 634 1245 719 posita
1288 647 1407 712 est,
1449 647 1543 712 ut,
1590 656 1758 719 quae
1804 659 1881 700 ea
1922 637 2288 702 illustratur
2328 636 2538 710 noti0‚
2571 659 2713 722 spe·

411 736 586 799 ciem
654 735 979 821 quandam
1047 758 1277 799 sensus
1356 735 1571 799 acrius
1648 734 1999 803 ferientem
2070 738 2303 802 induat
2368 747 2436 802 et
2500 759 2711 823 paene

414 836 626 900 oculis
693 835 1109 919 subjiciatur-3
1177 836 1354 922 quod
1421 859 1624 921 quum
1678 852 1958 903 venuste
2005 851 2072 902 et
2116 838 2457 925 eleganter
2499 837 2594 915 fit,
2641 850 2716 902 ut

416 939 637 1023 imago
706 949 774 999 et
837 936 981 1022 ipsa
1023 959 1144 1022 per
1209 959 1277 1000 se
1344 935 1684 1023 pulchram
1751 940 2043 1025 speciem
2088 939 2402 1026 praebeat
2457 951 2525 1001 et
2569 960 2714 1001 eam

418 1061 580 1114 rem,
627 1037 709 1100 ad
752 1059 947 1122 quam
992 1036 1360 1115 adhibetur,
1407 1050 1557 1123 apta
1602 1037 2036 1104 similitudine
2081 1040 2388 1117 illustret,
2429 1039 2546 1102 vix
2585 1038 2717 1102 dici

417 1151 659 1224 potest,
707 1150 1023 1223 quantum
1069 1138 1150 1201 ad
1196 1138 1708 1202 delectationem
1742 1142 2138 1204 movendam
2182 1140 2417 1204 valeat.
2508 1139 2719 1225 Supra

419 1238 934 1303 commemoravi
985 1261 1184 1302 voces
1249 1239 1515 1326 linguae
1580 1263 1707 1302 usu
1752 1241 2021 1307 detritas
2089 1264 2232 1304 eam
2296 1240 2433 1303 vim
2486 1262 2718 1303 sensus

374 1347 382 1351 ”
422 1339 659 1403 acriter
679 1340 1060 1425 pellentem,
1091 1363 1256 1424 quae
1281 1340 1492 1426 primo
1523 1340 1605 1404 iis
1638 1342 1934 1425 subjecta
1959 1355 2115 1419 erat,
2139 1341 2347 1428 magis
2376 1340 2717 1426 magisque

423 1440 757 1516 amittere3
804 1453 1146 1526 poetarum
1217 1454 1315 1504 est
1359 1441 1441 1504 iis
1486 1455 1820 1527 tamquam
1863 1444 2065 1507 vitam
2111 1443 2410 1520 reddere,
2454 1463 2539 1504 ne
2586 1440 2719 1503 sint

421 1541 646 1604 inania
710 1541 917 1626 signa,
984 1541 1101 1604 sed
1142 1563 1300 1604 vera
1362 1532 1504 1605 visa
1557 1542 1629 1605 in
1677 1543 1909 1608 animis
1955 1543 2366 1631 imprimant3
2414 1540 2591 1627 quod
2636 1540 2716 1603 ad

424 1642 908 1727 assequendum
955 1641 1123 1705 nihil
1164 1642 1564 1728 imaginibus
1613 1642 1947 1708 efficacius
1995 1657 2113 1708 est.
2202 1644 2345 1707 Hac
2399 1643 2480 1706 de
2529 1663 2721 1705 causa

426 1765 677 1806 omnes»
728 1743 1026 1806 omnium
1104 1755 1477 1828 temporum
1546 1757 1805 1830 poetae,
1874 1767 2271 1829 quocunque
2336 1743 2405 1806 in
2471 1764 2719 1828 genere

423 1844 789 1907 carminum
833 1843 1078 1907 versati
1123 1855 1296 1920 sunt,
1345 1867 1614 1930 operam
1661 1845 2008 1923 dederunt,
2038 1858 2114 1909 ut
2143 1844 2503 1908 dictionem
2536 1865 2721 1904 suam

426 1942 972 2008 similitudinibus
1041 1957 1109 2007 et
1170 1944 1558 2029 praesertim
1625 1945 2027 2032 metaphoris
2088 1955 2415 2009 ornarent.
2506 1939 2720 2021 Quid?

426 2044 607 2129 quod
671 2066 827 2107 usus
893 2044 1257 2130 imaginum
1321 2045 1414 2109 ita
1478 2047 1694 2132 poetis
1740 2047 2090 2132 peculiaris
2151 2045 2583 2120 existimatur,
2629 2056 2721 2120 ut,

428 2145 487 2209 si
531 2144 676 2229 quis
723 2143 887 2208 alius
934 2145 1195 2230 generis
1243 2145 1522 2232 scriptor
1567 2169 1675 2210 eas
1723 2146 2010 2224 adhibet,
2056 2147 2125 2210 id
2170 2170 2306 2210 non
2349 2144 2614 2231 propria
2658 2155 2726 2206 et

431 2268 566 2322 sua,
614 2245 731 2308 sed
759 2244 1022 2331 poetica
1052 2244 1363 2310 facultate
1395 2246 1616 2309 facere
1650 2261 1936 2333 putetur.
2003 2247 2172 2310 Nam
2206 2269 2407 2332 quum
2438 2244 2720 2328 aliquem

432 2346 693 2433 poetice
760 2345 871 2408 vel
931 2346 1117 2430 loqui
1170 2346 1279 2409 vel
1324 2346 1612 2411 scribere
1661 2348 1960 2426 dicimus,
2018 2348 2176 2433 quid
2221 2346 2400 2410 aliud
2444 2344 2722 2409 dicimus

338 2512 353 2522 „
431 2470 628 2531 quam
675 2469 826 2511 eum
873 2447 1170 2511 oratione
1216 2446 1617 2534 imaginibus
1665 2449 1975 2513 distincta
2013 2445 2155 2511 uti?

600 2547 753 2611 Jam
814 2571 971 2611 vero
1037 2547 1202 2611 illud
1268 2548 1605 2612 neminem
1671 2549 1863 2636 fugit,
1911 2549 2273 2614 dictionem
2324 2545 2725 2632 imaginibus

429 2649 872 2734 frequentem,
941 2672 1333 2734 quamquam
1402 2672 1438 2712 a
1502 2650 1687 2713 nullo
1756 2673 1983 2713 eorum
2029 2650 2227 2714 trium
2273 2670 2611 2735 generum,
2655 2645 2725 2707 in

432 2772 602 2835 quae
666 2749 868 2835 vulgo
937 2772 1037 2812 ars
1104 2750 1364 2836 poetica
1431 2750 1865 2827 distribuitur,
1933 2749 2260 2823 abhorret,
2311 2738 2549 2812 iamen
2591 2768 2725 2809 non

435 2850 682 2936 pariter
747 2848 1052 2913 omnibus
1121 2850 1498 2913 convenire.
1598 2850 1884 2914 Omnino
1950 2851 2100 2915 fieri
2177 2849 2366 2927 solet,
2431 2861 2525 2924 ut,
2596 2867 2724 2930 quo

436 2951 684 3034 majore
730 2950 962 3014 ardore
1026 2949 1342 3013 incitatur
1383 2963 1602 3036 poeta,
1651 2973 1729 3015 eo
1776 2952 1984 3038 magis
2031 2975 2068 3014 a
2112 2951 2329 3027 rebus,
2375 2948 2445 3012 in
2492 2946 2726 3033 quibus

435 3051 646 3115 oratio
688 3064 1007 3127 versatur,
1054 3051 1133 3114 ad
1180 3051 1338 3123 alias
1384 3052 1662 3129 aberret,
1709 3075 1873 3138 quae
1927 3064 2199 3139 propter
2229 3049 2727 3114 similitudinem

437 3152 728 3215 animum
775 3153 917 3236 ejus
964 3151 1276 3216 alliciant.
1363 3151 1490 3215 Cui
1533 3153 1630 3216 rei
1662 3167 2178 3226 consentaneum
2213 3164 2331 3228 est,
2365 3149 2540 3235 quod
2574 3150 2732 3211 ima-

439 3253 704 3339 ginibus
750 3253 1037 3316 maxime
1082 3265 1359 3316 utuntur
1399 3253 1611 3338 lyrici,
1666 3255 1936 3318 minime
1985 3253 2176 3340 epici,
2220 3251 2396 3315 inter
2441 3272 2554 3313 eos
2599 3271 2734 3311 me-

440 3353 623 3416 dium
667 3366 902 3417 tenent
931 3352 1291 3439 dramatici.
1356 3354 1665 3440 Longum
1712 3368 1813 3419 est
1852 3354 2049 3439 hujus
2081 3353 2178 3416 rei
2208 3374 2433 3416 causas
2465 3349 2731 3413 uberius

441 3453 776 3539 explicare
825 3467 892 3518 et
936 3453 1262 3539 exemplis
1309 3453 1719 3541 confirmare.
1809 3454 2024 3533 Quare
2070 3454 2224 3518 satis
2259 3451 2517 3516 habebo
2560 3471 2737 3514 com·
2817 3466 2830 3475 ·

441 3577 838 3619 memorasse
882 3555 976 3619 ita
1019 3556 1252 3619 saltem
1298 3556 1473 3641 apud
1517 3554 1802 3621 Graecos
1847 3569 2076 3642 poetas
2124 3577 2290 3631 esse,
2336 3575 2465 3637 quo
2500 3549 2735 3613 melius

438 3655 870 3744 intelligatur,
939 3679 1136 3742 quare
1181 3657 1252 3720 in
1295 3656 1654 3743 tragoediis
1699 3655 2021 3742 Aeschyli
2063 3652 2738 3741 imaginesfrequen-

440 3757 642 3822 tiores
710 3758 844 3822 sint
906 3757 975 3821 in
1040 3757 1121 3821 iis
1187 3758 1502 3844 partibus,
1550 3781 1716 3843 quae
1771 3758 2013 3844 lyricae
2057 3755 2281 3820 vocari
2325 3750 2621 3840 possunt,
2664 3763 2741 3811 ut

442 3865 513 3929 in
559 3859 830 3926 canticis
877 3858 1060 3923 chori
1106 3870 1173 3921 et
1214 3858 1284 3921 in
1326 3864 1668 3944 κομμοῖς,
1712 3855 2055 3945 'pauciores
2103 3869 2321 3920 autem
2367 3854 2438 3916 in
2477 3851 2558 3916 iis
2597 3873 2739 3937 par-

442 3966 640 4042 tibus,
687 3984 854 4049 quae
900 3959 1170 4048 propius
1215 3960 1299 4024 ad
1341 3960 1669 4024 rationem
1716 3960 2055 4046 epicorum
2101 3957 2443 4031 accedunt,
2488 3953 2532 4015 i.
2577 3974 2632 4015 e.
2666 3950 2737 4013 in

491 4066 733 4156 ialog0.
