3134 4842
2520 177 2600 241 93

394 341 704 427 pertinet,
771 354 845 405 ut
899 339 1320 406 vehementia
1375 342 1640 416 doloris,
1689 365 1881 426 quem
1930 341 2294 406 Oceanides
2342 365 2428 405 ex
2471 365 2684 406 narra-

396 441 577 505 tione
637 442 1077 506 calamitatum
1124 441 1593 535 Ius-sentiunt,
1642 444 1885 527 majore
1931 443 1998 505 vi
2045 441 2369 506 efferatur.
2466 444 2681 507 Prom.

395 542 551 607 598:
600 536 976 609 θεόσυτον
1018 535 1245 608 νόσον
1291 535 1716 627 ὠνόμασας,
1763 538 1812 608 ἂ
1851 544 2197 631 μαραίνει
2234 563 2333 626 με
2361 543 2684 629 χρίουσα

395 641 721 732 κέντροις
767 642 1220 737 φοιταλέοις.
1311 643 1680 707 Translatio
1728 667 1764 707 a
1804 642 2083 730 κέντρῳ
2117 645 2523 730 deprompta,
2557 668 2683 729 qua

395 743 702 808 similiter
746 757 940 829 atque
986 743 1057 807 in
1104 745 1438 830 superiore
1487 745 1795 830 exemplo
1842 745 2101 808 dolores
2134 744 2243 807 Ius
2278 745 2680 809 errabundae

394 844 871 932 significantur,
936 845 998 908 h.
1065 845 1108 908 l.
1178 868 1256 908 eo
1324 845 1536 930 aptior
1603 860 1720 921 est,
1791 846 1968 930 quod
2025 844 2207 909 furor
2249 845 2383 921 ille,
2431 868 2559 929 quo
2607 845 2680 910 Io

394 946 697 1032 agitatur,
745 946 897 1032 quia
939 945 1082 1032 ipsa
1123 946 1193 1008 in
1237 966 1501 1010 vaccam
1546 958 1795 1009 mutata
1839 959 1957 1023 est,
2002 946 2289 1031 imagine
2321 945 2683 1010 illustratur

398 1047 542 1109 asili
614 1046 768 1131 (τῆς
845 1041 1406 1137 οἰστροδινήτου
1479 1039 1733 1170 κόρης)
1813 1060 1879 1110 et
1949 1046 2212 1110 aculeus
2278 1046 2681 1110 insectorum

398 1145 645 1211 Graece
716 1147 956 1211 dicitur
1009 1146 1334 1234 κέντρον.
1424 1133 1728 1236 οἶστρον
1778 1170 1914 1211 non
1963 1170 2104 1210 esse
2151 1169 2379 1210 verum
2426 1147 2679 1225 asilum,

397 1247 516 1310 sed
560 1248 869 1312 translate
918 1248 998 1311 de
1045 1249 1266 1311 furore
1315 1248 1561 1312 dictum
1609 1248 1783 1311 inter
1827 1248 1952 1311 alia
1999 1248 2239 1311 docent
2281 1271 2386 1311 vv.
2434 1249 2576 1327 567,
2622 1249 2679 1312 8.

394 1347 654 1411 Eodem
686 1371 885 1412 sensu
917 1349 996 1412 de
1028 1348 1191 1412 Ione
1224 1348 1466 1412 dicitur
1499 1348 1726 1434 Suppl.
1759 1349 1910 1412 564:
1959 1340 2258 1424 ὀδύναις
2284 1343 2681 1440 κεντροδα-

399 1442 659 1535 λήτισι.
711 1489 796 1497 -
838 1449 917 1512 In
963 1449 1297 1534 proverbii
1340 1449 1475 1512 vim
1521 1449 1685 1513 abiit
1726 1449 1975 1513 locutio
2001 1442 2209 1535 πρὸς
2251 1448 2515 1535 κέντρα
2548 1447 2681 1515 λα-

396 1547 675 1633 κτίζειν,
723 1573 886 1634 quae
934 1573 1133 1634 quum
1180 1550 1443 1636 proprie
1492 1550 1572 1613 de
1621 1550 1803 1634 equis
1851 1549 2159 1614 adversus
2207 1550 2541 1613 stimulum
2576 1574 2681 1613 au-

397 1650 578 1735 rigae
624 1650 1185 1714 recalcitrantibus
1233 1651 1503 1727 dicatur,
1551 1650 1632 1713 ad
1676 1649 1977 1713 homines
2022 1650 2412 1714 transfertur
2438 1652 2537 1727 iis,
2569 1651 2681 1735 qui

396 1750 750 1815 validiores
826 1766 996 1828 sunt,
1063 1750 1303 1814 frustra
1366 1765 1830 1837 repugnantes
1941 1751 2094 1814 Non
2161 1752 2314 1815 satis
2382 1765 2677 1816 accurate

401 1849 773 1936 Hesychius
830 1850 955 1915 hoc
1008 1851 1428 1937 proverbium
1487 1852 1895 1938 explanavit:
1962 1852 2328 1943 παροιμία
2380 1846 2495 1918 ἐπὶ
2546 1852 2683 1917 τοῦ

396 1945 586 2017 κατὰ
653 1953 806 2018 τῶν
868 1945 1219 2018 ἐναντίων
1282 1973 1349 2017 τι
1414 1950 1654 2038 λέγειν
1707 1946 1750 2037 ἢ
1802 1945 2173 2039 πράττειν.
2282 1953 2482 2039 Apud
2549 1954 2680 2016 Ae-

288 2118 295 2125 ,
394 2052 696 2138 schylum
764 2053 925 2116 haec
992 2054 1298 2140 exempla
1363 2067 1644 2118 exstant.
1758 2056 1885 2140 Ag.
1944 2056 2136 2117 1624:
2183 2046 2369 2144 πρὸς
2418 2052 2681 2139 κέντρα

387 2148 497 2240 μὴ
553 2152 838 2231 λακτίζε
874 2148 980 2241 μὴ
1026 2155 1339 2230 πταίσας
1374 2154 1639 2245 μογῇς.
1670 2155 1982 2230 πταίσας
2012 2166 2113 2218 est
2140 2154 2484 2237 offe-ndens,-
2526 2177 2677 2218 nam

392 2277 598 2338 quum
666 2255 821 2340 equi
888 2256 1198 2318 adversus
1262 2255 1605 2319 stimulum
1654 2255 2105 2331 recalcitrant,
2171 2253 2317 2317 fieri
2372 2256 2561 2333 solet,
2611 2269 2681 2319 ut

395 2355 668 2418 vulnere
738 2367 1008 2441 accepto
1079 2355 1375 2418 dolorem
1438 2356 1745 2419 sentiant.
1852 2355 2107 2440 Eodem
2164 2355 2363 2418 modo
2422 2356 2677 2433 chorUS,

392 2454 526 2518 nisi
572 2455 1022 2519 contumaciae
1070 2454 1269 2518 finem
1314 2456 1566 2533 fecerit,
1613 2479 1843 2542 graves
1890 2478 2133 2542 poenas
2185 2455 2383 2518 dabit.
2491 2456 2677 2519 Idem

396 2556 817 2640 proverbium
863 2556 1117 2659 vulgari
1162 2555 1373 2619 forma
1402 2557 1694 2672 paullum
1725 2556 2067 2620 immutata
2092 2556 2427 2619 invenitur
2459 2556 2673 2620 Prom

390 2657 545 2720 323:
616 2652 891 2722 οὔκουν
952 2655 1206 2744 ἔμοιγε
1257 2650 1649 2743 χριόμενος
1702 2651 2121 2743 διδασκάλῳ
2173 2649 2363 2745 πρὸς
2413 2656 2676 2744 κέντρα

389 2755 643 2823 κωλον
708 2752 1027 2872 ἐκτενεῖς,
1095 2758 1329 2842 quibus
1387 2758 1604 2821 verbis
1661 2757 1961 2822 Oceanus
2017 2758 2480 2821 Prometheum
2529 2757 2675 2821 hor-

388 2869 583 2934 tatur,
652 2871 724 2921 ut
787 2859 1065 2944 imperio
1122 2858 1314 2922 Jovis
1370 2859 1674 2922 resistere
1723 2859 1997 2922 desinat.
2087 2857 2203 2921 Cfr
2247 2859 2433 2922 Pind.
2481 2858 2670 2943 Pyth.

392 2960 453 3036 2,
503 2959 651 3022 173;
698 2955 871 3025 ποτὶ
919 2958 1222 3048 κέντρον
1273 2954 1356 3025 δέ
1403 2979 1519 3025 τοι
1561 2958 1981 3042 λακτιζέμεν
2027 2955 2312 3025 τελέθει
2359 2952 2676 3047 ὀλισθη-

391 3052 526 3147 ρὸς
588 3046 821 3145 οἶμος.
931 3060 1087 3124 Eur.
1151 3060 1388 3124 Bacch.
1449 3062 1597 3125 795:
1669 3051 1951 3146 θύοιμ’
1979 3055 2072 3126 ἀν
2124 3052 2332 3146 αύτῳ
2377 3058 2675 3146 μαλλον

392 3155 435 3246 ἢ
495 3154 976 3247 θυμούμενος
1016 3154 1204 3253 πρὸς
1245 3160 1510 3249 κέντρα
1551 3160 1984 3247 λακτίζοιμι,
2036 3155 2315 3247 θνητὸς
2345 3154 2454 3226 ὠν
2488 3157 2669 3246 θεῷ.

550 3255 846 3346 μαστιξ,
911 3263 1139 3337 verber,
1207 3262 1382 3346 quod
1449 3275 1516 3325 et
1572 3262 1652 3325 ad
1688 3263 1991 3346 jumenta
2032 3263 2435 3348 impellenda
2480 3277 2545 3324 et
2591 3264 2670 3326 ad

389 3385 616 3426 servos
662 3363 1035 3448 puniendos
1083 3361 1530 3439 adhibebatur,
1577 3362 1887 3426 translate
1936 3364 2016 3426 ad
2048 3385 2348 3448 poenam,
2381 3386 2671 3448 praeser-

388 3463 508 3526 tim
587 3487 622 3526 a
698 3464 822 3527 diis
898 3464 1274 3539 immissam,
1340 3463 1790 3529 illustrandam
1863 3478 2229 3549 usurpatur.
2340 3463 2669 3527 Homerus

386 3563 697 3650 exemplo
745 3564 1025 3649 praeivit
1066 3562 1142 3626 Il.
1192 3566 1289 3640 12,
1335 3565 1444 3627 37:
1482 3554 1806 3654 Ἀργεῖοι
1852 3558 1930 3629 δὲ
1969 3557 2154 3640 Διὸς
2188 3557 2497 3652 μάστιγι
2543 3560 2672 3631 δα-

382 3663 658 3749 μέντες.
772 3666 869 3742 13,
938 3665 1087 3727 812;
1155 3655 1353 3728 άλλόι
1429 3658 1612 3738 Διὸς
1678 3658 1987 3747 μάστιγι
2050 3666 2240 3754 κακῇ
2302 3659 2673 3752 ἐδάμημεν

378 3756 690 3851 Ἀχαιοί.
778 3764 1149 3850 Aeschylus
1195 3764 1316 3828 hac
1360 3765 1645 3851 imagine
1691 3766 1898 3829 utitur
1944 3766 2122 3853 Sept.
2170 3768 2320 3830 607:
2374 3761 2673 3853 πληγεὶς

395 3861 586 3931 θεοῦ
621 3867 929 3954 μάστιγι
958 3866 1337 3954 παγκοίνῳ
1357 3857 1605 3952 ’δάμη
1653 3866 1868 3930 Prom.
1900 3869 2018 3932 682
2047 3868 2121 3931 Io
2155 3867 2343 3932 dicit:
2376 3865 2670 3953 οἰστρο-

388 3960 579 4053 πλὴξ
628 3960 863 4054 δ’έγῑὺ
912 3960 1218 4055 μάστιγι
1277 3963 1451 4051 θεία
1502 3967 1642 4053 γῆν
1691 3960 1839 4055 πρὸ
1896 3969 2027 4051 γῆς
2077 3961 2505 4049 ἐλαύνομαι,
2551 3968 2667 4031 ubi

379 4060 690 4154 μάστιγι
767 4090 846 4130 eo
915 4069 1127 4153 aptius
1190 4068 1267 4131 ad
1325 4061 1777 4153 οἷστροπλήξ
1818 4069 2198 4154 applicatur,
2248 4069 2422 4153 quod
2469 4069 2667 4132 etiam

385 4169 679 4244 verbera,
735 4192 863 4253 quo
911 4167 1146 4232 fortius
1193 4168 1486 4245 ferirent,
1534 4169 1797 4232 aculeos
1842 4167 2081 4233 habere
2130 4168 2447 4233 solebant.
2538 4171 2665 4255 Ag.
2759 4228 2762 4233 ,
