3134 4842
527 225 605 288 26

435 413 606 474 quae
663 391 1062 481 tragicorum
1119 393 1386 480 propria
1431 404 1573 457 esse
1619 393 1898 456 videtur.
1985 394 2189 478 Apud
2233 417 2348 458 eos
2394 393 2464 456 in
2508 393 2731 458 multis

436 490 837 576 imaginibus
902 493 1287 557 adhibendis
1356 493 1766 557 consuetudo
1836 494 2154 578 quaedam
2212 494 2592 571 increbruit,
2638 507 2731 570 ut,

435 591 814 677 ubicunque
862 595 1172 678 quasdam
1208 617 1319 679 ‘res
1362 594 1687 657 illustrare
1733 593 1841 656 vel
1886 594 2162 678 quadam
2191 595 2444 658 ratione
2474 594 2727 657 animos

435 692 848 758 audientium
905 717 1170 758 movere
1227 694 1557 771 volebant,
1604 717 1864 780 semper
1905 693 2044 757 fere
2090 694 2352 757 easdem
2399 717 2731 780 compara-

435 793 657 857 tiones
738 794 1140 858 adhiberent.
1253 794 1730 858 Usitatissimas
1798 817 2020 857 earum
2088 795 2424 880 congessit
2485 795 2727 880 Hoppe

436 894 573 978 (De
621 894 1184 980 comparationum
1230 909 1297 959 et
1339 895 1868 981 metaphorarum
1915 895 2088 981 apud
2129 895 2414 981 tragicos
2445 894 2728 959 Graecos
2814 981 2818 986 ,
2862 966 2878 973 „

437 1017 584 1071 usu,
651 1018 712 1080 p.
781 996 873 1078 6):
942 994 1280 1059 ”fortunae
1347 995 1839 1059 vicissitudines
1897 995 2141 1081 ubique
2189 1019 2339 1059 cum
2380 1008 2730 1060 ventorum

435 1093 721 1173 flatibus,
766 1117 868 1158 res
916 1095 1215 1160 adversas
1262 1119 1410 1160 cum
1455 1096 1649 1160 maris
1694 1095 2023 1175 fluctibus,
2070 1096 2389 1160 secundas
2433 1119 2535 1160 res
2582 1119 2730 1160 cum

432 1195 586 1258 luce
635 1208 701 1259 et
746 1195 872 1273 die,
920 1196 1135 1260 studia
1178 1197 1524 1260 hominum
1572 1220 1719 1261 cum
1764 1196 2122 1283 palaestrae
2168 1196 2338 1274 lusu,
2384 1196 2734 1263 hominum

439 1296 967 1381 procreationem
1035 1320 1183 1360 cum
1251 1297 1665 1384 agricultura,
1738 1296 2038 1361 dolorem
2106 1305 2524 1382 amoremqu‘e
2583 1320 2732 1362 cum

435 1396 728 1474 stimu10‚
804 1397 1147 1461 hominum
1228 1398 1459 1462 caedes
1525 1398 1918 1483 urbiumque
1950 1474 1958 1481 .
1987 1398 2514 1483 expugnationes
2582 1420 2730 1461 cum

433 1497 814 1575 venatione,
858 1499 1320 1563 necessitatem
1367 1523 1515 1562 cum
1542 1500 1706 1584 jugo
1737 1482 2176 1585 comparatam
2206 1498 2526 1561 videmus,
2568 1498 2731 1561 ·Iam

409 1597 747 1663 ,animalia
811 1621 973 1684 quae
1032 1599 1453 1686 comparandi
1505 1622 1700 1663 causa
1744 1598 2120 1676 afferuntur,
2167 1611 2399 1685 certas¹
2422 1598 2727 1685 quasdam

433 1698 715 1763 virtutes
772 1704 1306 1786 repraesentant:
1373 1700 1605 1764 leones
1674 1700 2059 1786 plerumque
2128 1723 2277 1763 cum
2342 1699 2731 1764 fortitudine

374 1868 378 1877 ‚
439 1798 854 1864 ferocitatem
921 1814 988 1865 et
1054 1801 1391 1887 sanguinis
1459 1801 1916 1887 cupiditatem;
1981 1800 2122 1887 lupi
2186 1800 2611 1864 voracitatem
2668 1812 2734 1862 et

436 1900 928 1977 crudelitatem3
973 1902 1205 1988 vulpes
1253 1901 1706 1978 calliditatem;
1753 1923 1945 1965 canes
1988 1900 2399 1986 vigilantiam
2445 1913 2511 1963 et
2552 1901 2735 1963 inve·
2783 1968 2786 1973 ⁴

437 2000 728 2087 stigandi
797 2002 1249 2087 sagacitatem3
1319 2002 1472 2088 equi
1526 2001 1925 2065 indomitum
1985 2014 2052 2064 et
2099 2001 2548 2095 impetuosum
2602 2000 2735 2063 ani-

438 2124 655 2177 mum3
724 2123 969 2186 angues
1038 2102 1381 2165 subdolam
1435 2102 1952 2187 insidiosamque
1999 2101 2348 2177 malitiam3
2414 2101 2731 2165 lusciniae

437 2224 833 2279 maerorem;
903 2202 1155 2287 aquilae
1222 2203 1681 2267 fortitudinem
1736 2225 2232 2289 pugnacemque
2277 2201 2556 2266 heroum
2603 2201 2736 2265 ani-

439 2303 677 2365 mum”.

608 2403 750 2466 Hae
807 2415 874 2467 et
917 2402 1275 2466 nonnullae
1324 2402 1485 2466 aliae
1533 2401 2054 2488 comparationes
2101 2427 2136 2465 a
2180 2403 2446 2490 tragicis
2493 2416 2560 2467 et
2604 2389 2738 2466 forss

341 2505 348 2511 '
434 2516 612 2567 tasse
659 2505 737 2567 ab
785 2504 927 2568 aliis
974 2527 1237 2589 quoque
1284 2504 1498 2590 poetis
1542 2503 1637 2567 ita
1679 2515 1865 2566 erant
1904 2492 2376 2588 frequentatae,
2420 2517 2495 2569 ut
2523 2522 2733 2590 paene

374 2612 381 2619 “
435 2604 510 2667 in
555 2605 690 2667 vim
734 2605 1166 2669 formularum
1199 2605 1496 2670 abirent.·
1562 2604 1778 2682 Quum
1812 2627 1897 2666 ex
1924 2604 2026 2682 iis,
2061 2627 2224 2690 quae
2259 2617 2407 2668 ante
2441 2603 2736 2689 Aeschy-

434 2705 578 2770 lum
642 2700 863 2768 literis
918 2706 1223 2770 mandata
1287 2719 1459 2782 sunt,
1524 2717 1659 2768 tam
1724 2726 1931 2790 pauca
1988 2705 2071 2768 ad
2121 2717 2409 2768 nostram
2456 2717 2734 2768 aetatem

427 2805 820 2882 manserint,
874 2805 945 2869 in
991 2806 1319 2892 plerisque
1362 2806 1622 2869 illarum
1668 2805 2230 2890 comparationum
2279 2804 2548 2869 decerni
2597 2829 2733 2869 non

434 2919 681 2992 potest,
736 2919 956 2969 utrum
1012 2906 1383 2992 Aeschylus
1429 2929 1537 2969 eas
1586 2905 1664 2969 ab
1712 2904 1853 2968 aliis
1901 2905 2325 2991 scriptoribus
2371 2920 2437 2969 et
2483 2929 2518 2969 a
2561 2928 2736 2968 com-

438 3007 626 3069 muni
685 3006 1006 3091 loquendi
1074 3005 1553 3071 consuetudine
1622 3005 1946 3083 asciverit,
2015 3030 2095 3069 an
2163 3006 2295 3069 sint
2352 3008 2430 3070 ab
2474 3006 2592 3070 illo
2638 3005 2736 3068 in-

434 3122 676 3171 ventae
734 3120 800 3170 et
846 3106 1084 3171 deinde
1130 3106 1488 3193 tragoediis
1536 3107 1679 3191 ejus
1727 3098 2111 3170 celebratae.
2201 3107 2468 3170 Certum
2512 3119 2734 3170 tamen

436 3222 543 3271 est
587 3207 935 3270 multarum
987 3208 1311 3294 originem
1357 3206 1434 3271 ab
1480 3207 1777 3270 Homero
1826 3229 1968 3270 esse
2009 3208 2456 3292 repetendam,
2488 3231 2574 3271 ex
2603 3230 2732 3292 quo

349 3350 353 3356 ,
438 3328 672 3372 omnes
718 3309 878 3386 fere,
904 3293 1038 3393 'qui
1068 3322 1300 3395 postea
1331 3308 1672 3394 scripsere,
1702 3320 2033 3392 tamquam
2066 3330 2152 3371 ex
2181 3307 2513 3371 uberrimo
2545 3300 2732 3372 fonte

436 3407 820 3472 hauserunt.
904 3409 1136 3494 Neque
1182 3409 1252 3472 id
1296 3409 1536 3472 mirum
1582 3408 1792 3472 videri
1837 3419 2076 3494 potest,
2124 3408 2179 3471 si
2215 3400 2734 3483 'consider-amus,

437 3501 685 3594 quanta
750 3509 1202 3582 admiratione,
1270 3511 1505 3595 quibus
1572 3532 1782 3595 paene
1838 3508 2078 3572 divinis
2122 3507 2487 3573 honoribus
2534 3531 2735 3593 quum

439 3631 674 3672 omnes
733 3608 965 3673 Graeci
1019 3623 1159 3674 tum
1205 3609 1590 3697 praesertim
1634 3608 2082 3673 Athenienses
2128 3609 2616 3673 nobilissimum
2660 3608 2737 3670 il-

436 3710 580 3773 lum
649 3722 914 3795 poetam
982 3710 1340 3776 affecerint.
1429 3710 1675 3775 Omnes
1734 3710 1878 3773 fere
1931 3710 2217 3774 carmina
2261 3692 2402 3794 ejus
2445 3710 2516 3772 in
2560 3708 2735 3772 ludis

437 3810 932 3875 studiosissime
968 3811 1297 3897 legebant,
1343 3811 1535 3875 multi
1580 3811 1962 3875 ediscebant
1992 3804 2074 3895 ¹);
2128 3825 2361 3896 postea
2402 3810 2571 3874 hanc
2617 3809 2738 3874 sci-

440 3911 690 3974 entiam
754 3911 1254 3977 recitationibus
1319 3912 1799 3999 rhapsodorum
1868 3910 2210 3974 audiendis
2272 3913 2629 3976 tuebantur
2672 3922 2738 3974 et

438 4012 950 4089 conservabant3
995 4013 1266 4091 nemini,
1299 4013 1412 4098 qui
1443 4012 1711 4098 quidem
1742 4010 2084 4097 impolitus
2117 4002 2479 4075 existimari
2507 4011 2736 4086 nollet,

437 4134 673 4175 eorum
737 4112 968 4197 ignaro
1008 4137 1179 4188 ‚esse
1244 4113 1506 4178 licebat.
1593 4113 1826 4198 Neque
1886 4111 2401 4197 praetereundus
2449 4125 2550 4177 est
2591 4133 2735 4176 mos

581 4273 624 4337 ¹)
659 4274 927 4325 Xmsopn.
1000 4277 1176 4340 Symp.
1213 4278 1258 4335 3,
1296 4278 1344 4325 5.
