3134 4842
2527 207 2607 269 89

409 374 660 452 Quibus
729 396 813 435 ex
878 373 1042 437 locis
1111 373 1347 437 elucet.
1410 385 1725 457 quantum
1788 371 1947 436 haec
2010 372 2229 458 imago
2285 372 2696 456 Aeschylum

410 466 856 550 delectaverit,
903 496 1096 558 quum
1148 473 1393 558 aliquid
1439 472 1790 536 molestum
1837 473 2164 536 declarare
2209 472 2430 535 vellet.

578 574 717 638 Iam
777 574 1336 665 commemorandi
1392 587 1544 637 sunt
1588 573 1840 658 aliquot
1880 573 2034 651 loci,
2078 573 2148 636 in
2196 574 2430 658 quibus
2476 573 2704 658 imago

414 700 450 740 a
486 675 847 761 jungendis
897 674 1080 759 equis
1114 690 1372 760 sumpta
1399 676 1493 737 ita
1522 673 1888 751 adhibetur,
1921 690 1994 737 ut
2023 697 2237 759 neque
2268 674 2503 738 intima
2533 674 2702 738 soci-

412 790 548 840 etas
594 798 813 861 neque
861 775 1183 852 molestia,
1230 776 1345 839 sed
1393 775 1516 838 alia
1563 775 1728 838 ratio
1774 789 2123 860 spectetur.
2206 773 2499 860 Choeph.
2536 776 2699 838 1044

415 876 653 941 chorus
751 875 987 953 Oresti,
1071 877 1182 961 qui
1261 876 1456 941 modo
1535 875 1795 939 dixerat
1870 875 1995 939 sibi
2059 889 2327 962 propter
2391 875 2701 938 interfec-

414 993 548 1042 tam
576 990 868 1040 -matrem
915 999 1186 1040 necesse
1234 999 1377 1040 esse
1423 976 1632 1062 patria
1677 976 2009 1039 exsulare:
2071 971 2230 1064 μηδ
2242 968 2705 1067 ’ἐπιζευχθῇς

418 1071 658 1162 στόμα
713 1072 928 1171 φήμῃ
981 1079 1296 1166 πονηρᾷ,
1354 1100 1435 1140 ne
1483 1077 1563 1139 ad
1613 1099 1684 1139 os
1728 1088 1915 1139 tuum
1961 1078 2129 1140 male
2164 1077 2451 1140 ominata
2479 1077 2704 1154 verba,

415 1193 745 1263 tamquam
814 1178 894 1242 ad
965 1202 1223 1242 currum
1282 1200 1510 1262 eqUUS,
1569 1176 1938 1263 alligentur,
1983 1179 2025 1240 i.
2074 1202 2128 1241 e.
2176 1201 2258 1241 ne
2305 1177 2461 1240 talia
2503 1178 2701 1241 verba

418 1281 487 1343 in
556 1302 665 1343 ore
716 1279 1058 1342 habueris.
1123 1318 1208 1326 -—
1271 1279 1494 1365 Vulgo
1564 1279 1873 1341 translata
1929 1278 2027 1342 vis
2072 1279 2228 1342 huic
2272 1279 2476 1342 verbo
2525 1279 2708 1341 attri-

418 1381 642 1444 buitur
683 1380 875 1443 Eum.
922 1381 1065 1457 405,
1111 1380 1226 1443 ubi
1270 1380 1569 1443 Minerva
1612 1379 1681 1442 in
1727 1401 1990 1441 scenam
2035 1403 2152 1465 per
2197 1388 2343 1442 aera
2384 1394 2573 1442 vecta
2611 1380 2712 1442 ita

416 1481 734 1566 loquitur:

722 1626 943 1697 ἔνθεν
996 1615 1636 1719 διώκουσίῗλθον
1689 1626 2014 1718 ἄτρυτον
2066 1624 2287 1713 πόδα,

722 1732 1016 1821 πτεροῦν
1068 1727 1245 1823 ἄτερ
1301 1727 1718 1823 ῥοιβδοῦσα
1768 1724 2053 1798 κόλπον
2096 1727 2398 1816 αἰγίδος,

723 1827 1008 1910 πώλοις
1057 1825 1401 1920 ἀκμαίοις
1458 1824 2347 1918 τόνδ’ἐπιζεύξασ’ὄχον.

424 1984 661 2061 Schol.,
709 1987 820 2069 qui
866 1985 946 2048 ad
991 2009 1051 2047 v.
1099 1986 1219 2049 397
1267 1984 1614 2069 adscripsit
1657 1977 1770 2050 ἐπὶ
1813 1977 2190 2071 ὀχήματος
2228 1976 2526 2070 ὀχεῖται,
2558 1985 2712 2048 ulti-

422 2109 601 2149 mum
649 2109 913 2149 versum
957 2086 1222 2171 proprio
1269 2107 1467 2148 sensu
1510 2085 1892 2171 intelligens
1940 2085 2257 2149 adductus
2307 2098 2424 2162 est,
2468 2098 2542 2148 ut
2585 2086 2708 2148 Mi-

423 2210 691 2250 nervam
738 2209 931 2250 curru
975 2186 1151 2249 a‘erio
1196 2186 1266 2248 in
1312 2208 1574 2249 scenam
1620 2186 1947 2250 invectam
1982 2209 2125 2249 esse
2157 2185 2464 2271 fingeret3
2512 2209 2704 2271 quam

425 2287 817 2351 sententiam
867 2286 941 2349 Ο.
987 2287 1230 2356 Miiller
1272 2287 1524 2371 recepit
1571 2299 1636 2349 et
1680 2288 2080 2372 argumentis
2127 2286 2383 2349 firmare
2433 2302 2712 2351 conatus

425 2402 542 2452 est.
656 2387 781 2450 Sed
851 2388 1066 2451 obstat
1128 2387 1432 2472 primum,
1502 2388 1675 2470 quod
1733 2410 1818 2449 ex
1873 2388 1996 2451 398
2043 2401 2311 2472 apparet
2355 2388 2542 2450 deam
2591 2411 2715 2473 per

429 2496 576 2551 aera
628 2503 892 2571 ‘vectam
961 2511 1124 2564 esse,
1184 2510 1268 2550 ex
1327 2481 1539 2552 τόνδε
1582 2511 1643 2550 v,
1687 2488 1812 2550 405
1860 2511 2118 2551 currum
2162 2487 2348 2550 illum
2395 2487 2460 2550 in
2512 2511 2709 2551 scena

429 2589 855 2674 conspicuum
901 2589 1140 2664 fuisse3
1207 2588 1321 2651 sed
1380 2588 1494 2650 vix
1541 2588 1720 2651 credi
1763 2601 1984 2674 potest
2027 2589 2197 2674 apud
2246 2587 2548 2665 GranOS‚
2596 2589 2707 2674 qui

427 2689 758 2752 machinas
805 2689 1094 2753 scenicas
1141 2712 1273 2752 non
1321 2689 1401 2751 ad
1447 2711 1611 2764 eam,
1660 2711 1824 2772 quae
1871 2712 2047 2752 nunc
2079 2702 2196 2766 est,
2229 2688 2709 2774 perfectio-nem

427 2789 854 2867 adduxerant,
898 2812 1103 2875 equos
1150 2801 1216 2852 et
1260 2813 1521 2853 currum
1569 2790 1880 2853 sublimes
1925 2789 2340 2853 introductos
2388 2802 2454 2852 et
2495 2790 2564 2853 in
2609 2813 2710 2853 so-

425 2890 563 2954 lum
610 2890 927 2955 demissos
974 2913 1147 2966 esse;
1195 2913 1324 2974 quo
1371 2890 1644 2961 accedit,
1691 2889 1868 2974 quod
1899 2913 2034 2953 non
2063 2890 2475 2976 intelligitur,
2510 2913 2712 2975 quare

425 2991 726 3054 Minerva
770 2991 1016 3077 duplici
1060 2991 1372 3054 movendi
1416 2991 1502 3068 vi,
1535 3003 1603 3054 et
1633 2990 1864 3076 aegide
1898 3004 1965 3054 et
1996 3014 2207 3068 curru,
2239 3005 2475 3067 utatur,
2509 3015 2708 3076 quum

425 3116 556 3156 una
608 3091 914 3157 sufficere
971 3092 1289 3155 videatur.
1386 3091 1646 3154 Deinde
1703 3092 1905 3156 verba
1958 3084 2333 3157 διώκουσα
2386 3088 2713 3183 ἄτρυτον

424 3188 646 3276 πόδα,
702 3216 866 3308 quae
913 3194 1186 3279 gradum
1233 3191 1594 3256 accelerare
1641 3191 2035 3277 significant,
2067 3193 2135 3255 in
2170 3216 2341 3269 eum,
2375 3192 2485 3277 qui
2518 3216 2711 3256 curru

427 3292 706 3370 vehitur,
774 3295 1043 3357 minime
1113 3293 1450 3378 quadrant.
1560 3292 1773 3370 Quare
1841 3292 2065 3356 Herm.
2122 3294 2233 3356 alii
2280 3316 2364 3356 ex
2409 3293 2716 3357 emenda-

426 3395 609 3458 tione
680 3393 1095 3458 Wakefieldii
1161 3387 1435 3470 κοίλοις
1498 3417 1617 3479 pro
1673 3386 1955 3469 πώλοις
2000 3394 2319 3457 scribunt:
2365 3394 2718 3459 »membris

421 3495 828 3579 juvenilibus
896 3496 1020 3559 hoc
1076 3494 1381 3558 vehiculo
1442 3497 1556 3578 (sc.
1606 3494 1863 3579 aegide)
1910 3494 2200 3570 addito»;
2248 3508 2473 3558 contra
2520 3519 2713 3580 quam

429 3595 1042 3681 interpretationem
1092 3595 1267 3658 Weil
1312 3609 1488 3659 recte
1535 3594 1698 3657 mihi
1742 3595 2004 3658 videtur
2049 3595 2267 3659 dicere
2324 3593 2509 3682 ὄχον
2561 3593 2720 3662 ἐπι-

430 3694 663 3775 ζεῦξαι
730 3697 972 3761 habere
1042 3695 1477 3782 significatum
1548 3719 1673 3759 usu
1732 3709 2205 3773 consecratum,
2251 3718 2287 3758 a
2332 3719 2460 3781 quo
2508 3697 2718 3760 disce·

433 3797 585 3861 dere
642 3820 775 3861 non
828 3798 1092 3861 licuerit
1145 3812 1402 3882 poetae,
1450 3797 1559 3881 qui
1608 3796 1875 3881 quidem
1922 3820 1957 3859 a
2002 3797 2478 3883 spectatoribus
2523 3796 2722 3860 intel·

428 3897 547 3985 ligi
609 3898 840 3975 vellet3
906 3899 1048 3985 ipse
1097 3897 1323 3963 scribit
1374 3890 1633 3972 πνόοις
1681 3889 2026 3982 ἀκμαίοις
2077 3890 2255 3964 οὐδ’
2302 3891 2714 3975 ἐπιζεύξασ’

429 3997 633 4086 ὄχον.
721 3999 1028 4063 Fortasse
1075 3999 1380 4062 codicum
1431 3992 1712 4073 πώλοις
1753 3998 2045 4070 retineri⁴
2073 4012 2309 4084 potest,
2349 3999 2546 4062 modo
2581 4022 2717 4062 non

427 4124 620 4165 veros
690 4122 896 4184 equos
963 4122 1177 4185 neque
1246 4122 1474 4163 verum
1533 4121 1791 4162 currum
1848 4099 2199 4184 intelligas,
2247 4098 2361 4162 sed
2405 4100 2719 4164 translate

429 4202 733 4288 accipias.
822 4198 1000 4286 ὄχος
1057 4212 1308 4286 spectat
1353 4201 1431 4264 ad
1478 4200 1709 4275 nubes,
1756 4222 1873 4285 per
1919 4223 2076 4285 quas
2122 4200 2425 4262 Minerva
2466 4201 2724 4265 incedit
