3134 4842
436 385 808 463 afferantur,
875 385 1076 450 modo
1142 385 1193 449 ii
1256 384 1410 462 loci,
1481 385 1594 471 qui
1648 385 1843 450 rebus
1897 386 2058 472 ipsis
2117 385 2491 464 cohaerent,
2538 386 2735 451 etiam

437 486 844 571 conjunctim
908 499 1288 551 tractentur.
1395 485 1497 549 Ne
1567 499 1791 550 tamen
1860 486 2216 574 disputatio
2283 510 2429 551 mea
2483 499 2734 551 temere

438 600 804 672 vagaretur,
866 588 983 652 sed
1027 587 1279 651 ratione
1329 586 1607 671 quadam
1654 600 1721 650 et
1760 587 1868 651 via
1912 588 2319 674 procederet,
2367 611 2516 651 eum
2565 588 2736 651 ordi--

435 711 590 751 nem
656 688 844 773 sequi
911 688 1194 765 decrevi,
1262 700 1336 751 ut
1388 710 1424 750 a
1477 688 1673 751 rebus
1727 700 2059 774 tamquam
2101 688 2437 753 inferioris
2485 688 2733 752 ordinis

434 788 700 852 initium
757 788 1063 865 facerem,
1121 788 1434 874 deinceps
1481 788 1564 852 ad
1607 810 1711 852 res
1758 791 2127 875 superiores
2172 788 2732 876 perfectioresque

434 889 951 974 transgrederer.
1055 889 1156 953 Ita
1219 901 1360 953 tota
1424 888 1588 953 haec
1657 890 2126 954 commentatio
2183 890 2253 954 in
2311 890 2468 953 duas
2515 902 2731 975 partes

437 989 772 1067 dividitur,
818 1013 1092 1074 quarum
1137 989 1339 1054 altera
1379 1001 1670 1054 naturam
1693 1013 1923 1065 rerum,
1956 991 2157 1054 altera
2185 993 2374 1055 vitam
2400 992 2733 1054 humanam

436 1103 504 1154 et
566 1092 708 1155 deos
773 1103 1045 1176 spectat.
1151 1090 1232 1154 In
1297 1089 1517 1176 priore
1584 1113 1826 1176 genere
1891 1090 2176 1176 primum
2241 1114 2339 1155 res
2402 1093 2732 1167 inanimae,

435 1176 676 1254 deinde
723 1191 975 1276 plantas
1019 1202 1088 1256 et
1128 1191 1393 1267 arbores,
1440 1203 1775 1276 postremo
1822 1191 2038 1253 bestias
2081 1190 2290 1254 tribus
2338 1203 2734 1256 commenta-

433 1291 637 1356 tionis
705 1291 1028 1378 capitibus
1097 1289 1671 1377 comprehendam.
1779 1289 1963 1354 Inter
2027 1290 2411 1376 posterioris
2469 1292 2731 1377 generis

435 1391 760 1478 imagines
805 1392 1087 1479 primum
1136 1415 1250 1456 eae
1297 1390 1674 1467 afferentur,
1721 1413 1887 1476 quae
1935 1413 1972 1453 a
2009 1413 2261 1476 corpore
2302 1389 2412 1453 vel
2445 1395 2732 1476 partibus

435 1495 712 1578 corporis
752 1493 1018 1557 hominis
1064 1492 1493 1578 depromptae
1540 1504 1714 1569 sunt,
1762 1491 2003 1555 deinde
2049 1514 2186 1568 eae,
2234 1514 2396 1577 quae
2428 1491 2511 1555 ad
2539 1503 2733 1559 status

432 1593 525 1658 vel
587 1597 849 1658 actiones
915 1604 1023 1657 aut
1095 1596 1340 1658 omniuo
1406 1603 1513 1655 aut
1583 1594 1849 1683 maxime
1905 1615 2126 1677 corpus
2178 1596 2533 1678 attinyentes
2586 1616 2732 1679 per-

338 1692 347 1699 ’
432 1694 670 1773 tinent,
713 1694 898 1758 velut
943 1694 1023 1758 ad
1069 1692 1532 1757 dormiendum
1578 1705 1645 1756 et
1686 1692 2117 1779 vigilandum,
2163 1693 2245 1756 ad
2289 1693 2621 1756 edendum
2665 1706 2734 1758 et

434 1794 818 1872 bibendum,
865 1794 1135 1871 similia;
1203 1816 1365 1878 quae
1412 1793 1539 1857 etsi
1583 1793 1938 1857 maximam
1981 1807 2234 1880 partem
2278 1793 2536 1857 homini
2581 1817 2732 1857 cum

433 1896 662 1960 bestiis
731 1895 1108 1959 communia
1171 1906 1343 1971 sunt,
1398 1907 1622 1958 tamen
1677 1892 1991 1958 credibile
2049 1906 2150 1958 est
2192 1906 2481 1980 poetam,
2528 1917 2732 1980 quum

435 1997 514 2060 ab
581 1996 910 2081 ejusmodi
964 1994 1351 2059 notionibus
1395 1994 1718 2080 imagines
1764 2007 2039 2080 peteret,
2084 1993 2427 2058 hominem
2468 1994 2734 2080 potissi·

434 2119 615 2159 mum
660 2096 730 2159 in
776 2095 994 2159 animo
1039 2093 1367 2159 habuisse.
1457 2094 1630 2158 Tum
1675 2107 2033 2180 sequentur
2078 2095 2603 2180 comparationes
2649 2095 2734 2161 ad

433 2219 532 2260 res
606 2196 699 2260 vel
777 2207 969 2259 status
1043 2196 1136 2262 vel
1206 2199 1467 2260 actiones
1538 2206 1886 2281 spectantes,
1954 2218 2110 2280 quae
2173 2198 2374 2279 maqis
2436 2219 2475 2260 a
2540 2207 2736 2262 mente

434 2308 490 2363 et
529 2299 764 2361 ratione
811 2298 1093 2382 profecta
1136 2296 1276 2371 sint,
1320 2295 1507 2360 velut
1547 2318 1652 2360 res
1701 2318 1903 2382 opera
1947 2309 2013 2359 et
2058 2296 2339 2360 consilio
2383 2294 2732 2360 hominum

434 2396 668 2476 factae,
700 2397 958 2461 diversa
987 2397 1256 2483 negotia
1279 2410 1347 2461 et
1377 2395 1651 2461 artificia
1680 2395 2048 2473 hominum,
2081 2396 2338 2460 similia.
2385 2397 2729 2461 Postremo

433 2521 680 2585 paucos
725 2498 911 2563 locos
958 2498 1334 2584 adjungam,
1378 2497 1448 2561 in
1495 2497 1731 2583 quibus
1780 2520 1930 2561 cum
1962 2498 2162 2574 rebus,
2195 2520 2350 2583 quas
2391 2502 2457 2561 in
2486 2498 2734 2582 fabulis

434 2601 786 2674 traduntur,
846 2599 955 2664 vel
1022 2623 1172 2664 cum
1236 2600 1360 2663 diis
1426 2598 1828 2685 comparatio
1890 2596 1984 2662 fit.
2104 2598 2290 2662 Haec
2357 2597 2728 2684 dispositiO,

435 2723 828 2786 quamquam
860 2699 1211 2765 admodum
1249 2699 1537 2785 simplex
1573 2712 1641 2763 et
1661 2698 1873 2762 facilis
1896 2698 2178 2775 videtur,
2201 2709 2421 2762 tamen
2448 2699 2732 2783 ejusmo-

434 2801 502 2864 di
545 2814 664 2879 est‚
709 2813 784 2864 ut
825 2800 1159 2864 interdum
1203 2799 1496 2886 paullum
1543 2799 1624 2862 ab
1657 2821 1733 2862 ea
1764 2798 2101 2863 discedere
2136 2811 2457 2885 oporteat.
2525 2798 2734 2877 Quae-

435 2903 584 2966 dam
652 2901 829 2965 enim
885 2922 1129 2986 genera
1181 2922 1399 2963 rerum
1443 2899 1513 2962 in
1557 2910 1789 2962 natura
1833 2899 2102 2963 sitarum
2147 2923 2296 2963 cum
2342 2899 2733 2985 quibusdam

433 3002 805 3066 actionibus
837 3014 905 3064 et
932 2999 1219 3086 negotiis
1250 2999 1575 3076 humanis,
1605 3011 1937 3084 tamquam
1969 3001 2271 3064 materies
2300 3000 2384 3065 iis
2415 3000 2732 3085 subjecta,

435 3102 795 3167 arctissime
842 3102 1196 3186 conjuncta
1238 3111 1420 3176 sunt3
1466 3121 1596 3184 quo
1641 3098 1735 3177 fit,
1781 3111 1855 3164 ut
1881 3123 2076 3186 saepe
2107 3100 2303 3165 unius
2337 3113 2403 3165 et
2433 3101 2729 3185 ejusdem

437 3202 803 3288 explicatae
871 3199 1294 3286 metaphorae
1349 3199 1593 3264 finibus
1639 3201 2118 3265 contineantur.
2205 3201 2307 3265 Ne
2354 3201 2584 3266 eadem
2627 3201 2729 3266 bis

435 3315 911 3389 repeterentur,
979 3314 1204 3388 aptum
1263 3323 1405 3366 esse
1452 3301 1682 3387 putavi
1724 3301 2047 3387 imagines
2093 3324 2130 3365 a
2172 3301 2415 3366 talibus
2460 3314 2728 3367 naturae

435 3404 630 3467 rebus
697 3415 986 3488 sumptas
1053 3424 1173 3466 suo
1226 3401 1379 3466 loco
1444 3400 1685 3465 leviter
1735 3414 1992 3466 tantum
2037 3402 2430 3488 significare,
2476 3426 2732 3467 accura-

434 3503 671 3568 tiorem
741 3516 959 3567 autem
1027 3502 1107 3566 de
1161 3502 1242 3565 iis
1300 3502 1820 3588 disputationem
1864 3503 1935 3566 in
1981 3526 2131 3567 eum
2175 3503 2398 3568 locum
2445 3502 2728 3579 differre,

436 3603 552 3668 ubi
617 3604 946 3667 actionem
1004 3625 1149 3668 eam
1190 3601 1562 3680 humanam,
1611 3626 1888 3688 quacum
1936 3602 2367 3668 cohaererent
2407 3604 2558 3668 illae
2605 3626 2729 3680 res,

437 3726 651 3769 essem
715 3717 1127 3768 tractaturus.
1213 3703 1493 3768 Duobus
1558 3703 1810 3768 ultimis
1878 3704 2204 3791 capitibus
2250 3704 2600 3792 separatim
2646 3704 2728 3768 de

438 3804 1002 3882 similitudinibus,
1069 3804 1416 3890 separatim
1482 3804 1562 3868 de
1631 3804 2030 3890 metaphoris
2095 3805 2189 3869 ita
2240 3805 2612 3893 disputabo,
2658 3818 2736 3869 ut

435 3906 619 3971 nulla
681 3928 889 3969 rerum
954 3904 1206 3969 ratione
1272 3903 1494 3969 habita
1558 3926 1911 3992 exponam,
1969 3905 2129 3990 quid
2170 3905 2494 3995 Aeschyli
2534 3906 2606 3971 in
2649 3906 2730 3969 iis

437 4005 828 4070 adhibendis
895 4005 1307 4070 consuetudo
1374 4005 1716 4092 proprium
1776 4019 1843 4069 et
1893 4019 2411 4071 commemoratu
2458 4007 2730 4094 dignum

433 4105 691 4171 habeat.
