3134 4842
2541 201 2620 267 15

405 383 738 454 tamquam
806 369 973 432 duae
1042 368 1296 454 species
1364 379 1514 431 ante
1584 368 1810 430 oeulos
1870 381 2342 453 proponantur,
2389 369 2705 451 majorem

342 466 351 475 ’
406 470 540 534 vim
613 484 680 534 et
730 470 1132 557 ‚dignitatem
1202 468 1532 532 conciliet.
1619 466 1722 532 Ita
1786 490 1823 529 a
1881 490 1967 530 re.
2016 469 2357 555 proposita
2419 470 2500 532 ad
2546 469 2706 532 alias

407 572 714 635 aberrans
762 584 828 634 et
873 593 991 635 suo
1037 570 1246 656 ipsius
1292 583 1478 633 motu
1523 568 1831 632 celeriter
1874 568 2119 655 agitato
2164 570 2410 654 gaudet
2449 570 2705 633 animus

408 685 474 736 et
540 694 760 735 rerum
826 671 1165 748 varietate,
1247 693 1375 755 qua
1450 670 1815 733 orationem
1884 692 2067 732 suam
2136 656 2502 756 distinguit,
2569 694 2704 734 non

407 772 830 836 mediocriter
896 772 1264 836 delectatur
1329 767 1523 855 atque
1589 781 1942 834 recreatur.
2049 771 2283 855 Neque
2351 771 2568 834 minus
2635 771 2704 834 id

408 873 796 958 assequitur,
841 885 916 936 ut
959 895 1094 949 eos,
1141 872 1255 958 qui
1297 870 1577 934 audiunt
1619 871 1728 934 vel
1755 870 2008 957 legunt,
2041 871 2242 935 simili
2270 871 2705 956 jucunditatis

409 996 606 1037 sensu
652 972 917 1037 afficiat.
1001 972 1335 1058 Imprimis
1403 971 1717 1057 frequens
1764 985 1831 1035 et
1876 972 2355 1036 consuetudine
2409 972 2703 1034 omnium

403 1074 779 1161 linguarum
857 1074 1226 1138 celebratus
1303 1086 1404 1137 est
1468 1096 1625 1137 usus
1687 1072 2144 1158 metaphorae3
2214 1081 2381 1158 quae
2452 1073 2712 1136 etiamsi

407 1175 621 1261 primo
666 1188 938 1260 propter
999 1174 1295 1259 inopiam
1337 1174 1693 1237 verborum
1739 1172 2040 1237 adhiberi
2083 1187 2320 1259 coepta
2365 1179 2484 1251 est,
2531 1174 2706 1259 quod

408 1265 630 1338 tamen
675 1276 926 1354 dubito,
995 1289 1171 1339 certe
1226 1274 1297 1337 in
1340 1274 1587 1360 linguis
1633 1273 1840 1360 magis
1887 1274 2170 1338 excultis
2219 1297 2303 1338 ex
2346 1274 2460 1338 illa
2510 1274 2708 1338 insita

410 1377 837 1462 comparandi
904 1376 1266 1462 cupiditate
1334 1375 1646 1439 nascitur.
1735 1374 1883 1438 Hoc
1946 1374 2039 1438 ita
2104 1397 2248 1439 esse
2318 1397 2396 1438 eo
2443 1390 2752 1460 quoque⁷

410 1491 699 1562 apparet,
748 1477 945 1561 quod,
991 1499 1157 1563 quae
1202 1499 1323 1562 per
1366 1474 1820 1561 metaphoram
1866 1474 2137 1539 effertur
2181 1475 2514 1561 cogitati0‚
2562 1499 2705 1540 eam

410 1599 674 1662 semper
719 1577 846 1640 alio
906 1599 1119 1662 eoque
1186 1576 1392 1662 magis
1459 1575 1812 1662 perspicuo
1870 1576 2068 1639 modo
2116 1576 2486 1662 significare
2531 1576 2711 1640 licet.

411 1675 803 1761 Metaphora
846 1692 988 1740 tum
1035 1676 1314 1750 exsistit,
1352 1697 1553 1762 quum
1591 1677 1846 1740 animus
1880 1676 2312 1740 similitudine
2344 1677 2519 1741 inter
2549 1677 2710 1740 duas

412 1798 515 1840 res
582 1775 1040 1842 intercedente
1106 1778 1198 1842 ita
1263 1777 1649 1864 percutitur,
1717 1792 1792 1840 ut
1858 1800 1985 1854 eaS‚
2052 1790 2384 1862 tamquam
2430 1777 2487 1840 si
2529 1777 2707 1840 idem

410 1876 690 1955 valeant,
733 1878 1129 1964 permisceat
1173 1891 1240 1942 et
1281 1878 1353 1941 in
1397 1901 1603 1941 unum
1637 1877 2021 1941 confundat.
2087 1877 2481 1955 Delectatio,
2515 1901 2708 1963 quam

408 1977 564 2042 inde
630 1979 1009 2065 percipiunt
1042 1978 1400 2056 homineS,
1467 1979 1535 2042 in
1608 2002 1687 2042 eo
1735 1990 2012 2055 constat,
2058 1979 2328 2063 »quod›>,
2374 1992 2449 2042 ut
2491 1979 2727 2043 verbis=

412 2077 486 2142 G.
531 2078 903 2143 Hermanni
945 2094 1110 2156 utar,
1177 2103 1417 2165 »quum
1473 2079 1651 2143 aliud
1696 2102 1815 2165 pro
1862 2078 1990 2142 alio
2037 2078 2433 2156 nominatur,
2491 2080 2711 2143 animo

411 2179 596 2264 quasi
663 2203 931 2268 campus
1000 2181 1309 2267 aperitur,
1372 2180 1441 2242 in
1510 2203 1708 2266 quem
1776 2180 2049 2243 aliarum
2116 2203 2335 2243 rerum
2392 2181 2709 2245 varietate

410 2280 683 2347 allectus
729 2282 941 2367 possit
985 2304 1392 2346 excurrere».

576 2381 1085 2447 Demonstrasse
1153 2382 1317 2446 mihi
1360 2381 1595 2445 videor
1637 2381 1981 2468 imagines,
2028 2381 2084 2445 si
2129 2382 2210 2445 ad
2254 2404 2477 2445 veram
2525 2404 2708 2445 suam

412 2503 672 2544 eausam
720 2495 914 2567 atque
958 2482 1284 2546 rationem
1328 2495 1741 2558 revocantur,
1788 2505 1922 2546 non
1968 2505 2112 2545 esse
2146 2494 2283 2545 arte
2316 2481 2541 2559 factas,
2573 2505 2708 2545 non

414 2602 558 2644 esse
626 2582 1041 2646 extrinsecus
1109 2583 1470 2660 arcessitas,
1538 2606 1675 2646 non
1742 2607 1777 2646 a
1830 2582 2095 2647 rhetore
2161 2582 2387 2646 nescio
2436 2605 2565 2666 quo
2610 2583 2708 2645 in-

411 2694 662 2758 ventas,
709 2696 783 2747 ut
827 2706 1014 2748 aures
1053 2678 1460 2747 audientium
1507 2682 1662 2748 fuco
1710 2682 2024 2746 orationis
2067 2683 2527 2769 permulceret.
2600 2682 2709 2745 Ex

413 2781 773 2867 cupiditate
796 2785 909 2847 ‘in
976 2798 1205 2847 natura
1261 2784 1546 2851 humana
1590 2785 1852 2871 penitus
1896 2784 2229 2848 insidente
2275 2796 2464 2846 natae
2523 2798 2706 2860 sunt3

411 2904 611 2966 quare
660 2886 958 2949 omnium
990 2897 1296 2963 aetatum,
1331 2885 1624 2948 omnium
1657 2884 1976 2971 gentium,
2009 2884 2303 2947 omnium
2334 2884 2706 2970 linguarum

411 3006 796 3049 communes
844 3000 1016 3050 sunt.
1103 2985 1338 3072 Neque
1399 2999 1499 3050 est
1542 2986 1750 3049 ullum
1798 2985 2066 3049 dicendi
2109 3008 2340 3072 genus,
2388 2986 2564 3070 quod
2610 3009 2709 3049 or·

407 3097 635 3148 natum
699 3087 1064 3174 imaginum
1132 3110 1269 3150 non
1336 3087 1643 3172 requirat.
1730 3085 1819 3150 Iis
1887 3100 2164 3150 utuntur
2229 3098 2296 3149 et
2340 3085 2594 3149 solutae
2642 3100 2711 3149 et

407 3185 708 3271 poeticae
757 3187 1068 3252 orationis
1117 3187 1503 3273 scriptores3
1535 3209 1753 3272 neque
1787 3210 2001 3253 sermo
2036 3186 2457 3272 quotidianus
2490 3208 2705 3271 neque

407 3309 606 3372 grave
651 3310 861 3373 genus
908 3288 1175 3354 dicendi
1218 3280 1495 3352 oratoris
1540 3288 1622 3351 iis
1667 3287 1863 3373 plane
1910 3310 2130 3351 carere
2176 3300 2416 3373 potest.
2472 3286 2708 3365 Quam-

408 3409 603 3472 quam
649 3388 853 3474 igitur
894 3389 1217 3475 imagines
1264 3398 1302 3451 a
1344 3389 1529 3452 nullo
1576 3411 1820 3475 genere
1869 3388 2135 3452 dicendi
2180 3387 2554 3464 abhorrent,
2601 3389 2708 3451 vel

407 3488 697 3552 maxime
763 3489 1069 3575 propriae
1138 3502 1291 3553 sunt
1354 3489 1656 3574 poeticae
1725 3489 2055 3567 dictionis,
2124 3512 2288 3574 quae
2347 3512 2426 3551 eo
2477 3488 2623 3574 ipso
2671 3512 2706 3551 a

405 3611 605 3674 prosa
649 3589 946 3653 oratione
994 3589 1234 3668 differt,
1281 3590 1458 3675 quod
1504 3590 1574 3652 in
1619 3590 2018 3676 imaginibus
2065 3588 2457 3653 adhibendis
2504 3589 2706 3674 majo-

407 3710 546 3751 rem
610 3688 984 3755 libertatem
1052 3691 1179 3755 sibi
1242 3690 1556 3755 vindicat.
1643 3690 1809 3753 Nam
1880 3713 2081 3775 quum
2145 3689 2247 3767 iis,
2315 3691 2428 3775 qui
2494 3691 2709 3753 soluta

413 3789 704 3854 oratione
772 3804 1066 3867 utuntur,
1133 3814 1269 3854 non
1322 3790 1518 3855 facile
1589 3792 2008 3868 concedatur,
2077 3792 2132 3856 si
2196 3790 2267 3854 in
2321 3791 2452 3854 illis
2522 3772 2706 3853 ornaz

409 3890 651 3954 mentis
716 3891 974 3977 profusi
1040 3906 1212 3969 sunt,
1272 3905 1508 3978 poetae
1552 3890 1622 3954 in
1667 3891 1790 3956 hac
1835 3915 1904 3956 re
1952 3893 2161 3955 multo
2211 3905 2277 3956 et
2320 3890 2703 3955 audaciores

409 4000 478 4052 et
521 3989 859 4057 uberiores
930 4016 1073 4057 esse
1138 4006 1422 4079 possunt
1487 4005 1681 4077 atque
1751 3993 1947 4056 etiam
1995 3993 2261 4057 debent.
2352 3991 2541 4070 Quod
2591 4015 2707 4055 eur

404 4089 498 4153 ita
564 4090 668 4168 sit,
737 4115 821 4155 ex
887 4095 1141 4158 ratione
1209 4093 1364 4157 artis
1430 4093 1734 4179 poeticae
1790 4093 1989 4158 facile
2033 4092 2447 4179 intelligitur.
2534 4092 2701 4156 Nam

405 4212 609 4276 quum
654 4207 997 4279 poetarum
1055 4208 1383 4279 tamquam
1430 4217 1670 4258 munus
1716 4195 1801 4258 sit
1855 4195 2369 4260 delectationem
2413 4200 2704 4270 movere‘,
