3134 4842
483 191 563 252 62

398 356 717 419 malorum
765 369 830 418 et
873 354 1242 441 gravissimi
1285 355 1500 419 luctus
1549 378 1742 419 causa
1786 368 1979 432 esset,
2025 356 2088 418 ei
2134 369 2467 440 tamquam
2516 378 2690 419 mor-

399 480 562 532 sum,
609 480 737 541 quo
783 455 968 519 ulcus
1015 469 1230 519 ortum
1276 469 1394 532 est,
1437 455 1718 532 inflixit3
1760 455 2119 543 imaginem
2165 456 2244 519 ad
2290 469 2681 521 venenatam

399 557 680 641 aliquam
711 556 987 620 bestiam
1020 556 1435 620 referendam
1467 570 1651 642 put0,
1684 556 2070 642 praesertim
2096 580 2297 642 quum
2322 553 2530 633 ἕλκος
2552 581 2687 620 ma-

398 658 574 719 xime
608 657 689 720 de
720 656 1107 721 vulneribus
1137 657 1649 742 suppurantibus
1680 671 2065 743 usurpatum
2097 657 2199 722 sit.
2267 654 2681 723 ἑλκαίνουσι

393 753 514 823 καὶ
543 753 1037 845 δεδηγμένοις,
1063 781 1264 842 quum
1289 757 1417 822 hoc
1439 758 1606 822 illud
1631 771 1927 843 tempore
1955 759 2384 823 antecesserit
2407 782 2686 823 necesse

397 860 499 937 sit,
543 859 860 944 hysteron
908 872 1240 945 proteron,
1289 858 1464 943 quod
1504 871 1794 934 vocatur,
1828 872 1946 923 est.
2020 858 2245 923 Herm.
2276 855 2680 925 ἑλκαίνοντι

394 955 516 1025 καὶ
566 954 1010 1047 δεδηγμένῳ,
1067 981 1229 1043 quae
1258 959 1583 1023 'librorum
1612 960 1810 1022 lectio
1844 972 1961 1035 est,
1994 959 2255 1037 retinet,
2287 960 2450 1024 haec
2481 961 2687 1023 verba

394 1060 738 1124 transitivo
807 1082 1003 1122 sensu
1058 1060 1417 1146 accipiens:
1485 1062 1657 1125 caedi
1710 1060 2057 1123 vulneranti
2108 1083 2219 1124 nos
2262 1072 2315 1125 et
2359 1064 2679 1127 mordenti.

399 1161 524 1224 Sed
570 1160 948 1225 transitivae
990 1160 1488 1246 significationis
1517 1160 1704 1224 verbi
1735 1153 2141 1226 δάκνεσθαι
2173 1161 2428 1224 nullum
2461 1185 2688 1224 exem-

396 1262 578 1347 plum
625 1261 802 1325 scio„
828 1299 911 1308 —-
955 1254 1277 1344 δάπτειν,
1325 1261 1499 1346 quod
1546 1262 1808 1347 proprie
1854 1261 1922 1323 in
1969 1243 2126 1325 feris
2156 1263 2463 1347 praedam
2495 1285 2676 1326 suam

394 1362 833 1426 lacerantibus
906 1362 1262 1438 dicebatur,
1331 1363 1410 1426 ad
1479 1363 1775 1425 dolorem
1837 1385 1948 1425 cor
2004 1364 2403 1426 cruciantem
2462 1376 2528 1427 et
2570 1386 2686 1425 ve-

393 1476 664 1526 xantem
718 1462 1126 1527 transfertur.
1228 1463 1444 1526 Prom.
1491 1464 1645 1526 437:
1695 1463 1996 1549 συννοίᾳ
2048 1455 2423 1549 δάπτομαι
2476 1463 2674 1553 κέαρ.

397 1563 512 1626 Cfr
540 1562 738 1649 Soph.
774 1563 935 1627 Oed.
968 1564 1042 1628 R.
1077 1565 1230 1627 681:
1279 1557 1534 1630 δάπτει
1573 1557 1797 1629 δὲκαὶ
1830 1556 1916 1628 τὸ
1943 1556 2048 1663 μὴ
2085 1559 2367 1630 sudeam!
2385 1558 2456 1649 ¹)
2522 1563 2674 1627 Non

395 1664 713 1728 dissimile
784 1678 882 1727 est
937 1664 1101 1727 illud
1157 1664 1584 1728 Homericum
1631 1660 1910 1730 δαίεται
1958 1664 2165 1755 ἦτορ,
2214 1688 2325 1729 cor
2369 1666 2683 1728 dilacera-

394 1779 531 1841 tur3
576 1764 726 1827 vide
776 1764 896 1828 Od.
947 1768 1002 1842 1,
1047 1767 1157 1832 48.

560 1884 887 1948 νεοσσος,
955 1866 1217 1952 proprie
1281 1866 1498 1951 pullus
1563 1866 1800 1942 bestiae,
1870 1867 1949 1929 de
2017 1867 2334 1952 progenie
2389 1865 2682 1929 hominis

393 1967 678 2051 ponitur.
789 1965 1082 2052 Choeph.
1164 1968 1314 2030 256.
1395 1985 1475 2032 σε
1541 1986 1907 2052 τιμωντος
1979 1960 2264 2059 πατρὸς
2328 1960 2688 2041 νεοσσοὺς

400 2059 661 2132 τούσδ’
667 2059 1171 2182 ἀποφθείρας.
1262 2067 1555 2154 Choeph.
1604 2070 1756 2132 501:
1804 2062 1987 2133 ἰδών
2026 2061 2378 2143 νεοσσοὺς
2408 2058 2676 2134 τούσδ’

393 2163 806 2261 ἐφημένους
870 2161 1116 2261 τάφῳ.
1226 2168 1319 2232 Ut
1371 2168 1497 2232 hoc
1551 2170 1820 2233 nomine
1880 2167 2179 2234 Orestem
2235 2182 2301 2232 et
2343 2168 2674 2233 Electram

383 2267 785 2354 designaret,
852 2268 1281 2354 probabiliter
1340 2283 1605 2354 poetam
1672 2270 1947 2334 adduxit
2002 2292 2096 2347 ea,
2144 2293 2308 2354 quae
2357 2283 2459 2335 est
2500 2269 2569 2332 in
2612 2293 2680 2331 v.

395 2370 514 2432 248
581 2369 875 2453 ejusdem
941 2370 1317 2456 tragoediae
1386 2370 1769 2448 similitud0‚
1839 2394 1966 2456 qua
2038 2374 2454 2457 Agamemno
2523 2392 2676 2433 cum

393 2470 610 2554 aquila
654 2469 1008 2534 confertur.

560 2571 710 2633 Huc
754 2571 1042 2657 pertinet
1083 2571 1276 2634 Eum.
1322 2573 1476 2635 473:

644 2717 892 2797 ἄλλως
946 2742 1021 2786 τε
1070 2717 1191 2786 καὶ
1245 2716 1333 2787 σὺ
1383 2716 1522 2807 μὲν
1572 2715 2046 2812 κατηρτυκὼς
2098 2715 2310 2809 νόμῳ

643 2822 874 2910 ἱκέτης
924 2819 1344 2913 προςῆλθες
1393 2816 1741 2913 καθαρὸς
1791 2815 2135 2909 ἀβλαβὴς
2187 2816 2449 2904 δόμοις

645 2916 864 3008 ἐμοῖς.

393 3076 565 3153 Quid
631 3076 894 3162 proprie
962 3074 1292 3161 significet
1352 3069 1855 3164 κατηρτυκαὶς,
1924 3076 2200 3162 exponit
2265 3074 2672 3159 Hesychius:

389 3171 883 3267 κατηρτυκὼς·
937 3173 1227 3250 τελείως
1281 3176 1436 3260 (Pro
1471 3174 1762 3252 τελείως
1790 3177 2017 3239 Herm.
2049 3170 2463 3259 τελειώσας,
2497 3174 2678 3239 Weil

394 3276 662 3353 τέλειος
723 3278 834 3341 vel
899 3273 1321 3352 τελειωθείς
1385 3277 1801 3343 scribendum
1861 3277 2179 3362 conjicit).
2275 3276 2548 3366 κυρίως
2598 3270 2676 3341 δὲ

391 3373 504 3445 ἐπὶ
549 3378 699 3444 τῶν
741 3369 1052 3493 α’λόγων
1093 3371 1333 3462 ζώων,
1381 3371 1564 3444 ὅταν
1607 3372 1886 3468 ἐκβάλῃ
1929 3373 2213 3454 πάντας
2255 3371 2428 3454 τοὺς
2458 3369 2674 3443 ὀδόν-

396 3501 540 3555 τας.
647 3479 748 3543 Ita
801 3478 1002 3594 igitur
1058 3479 1553 3565 appellabantur
1609 3480 1877 3555 bestiae,
1927 3502 2127 3563 quum
2174 3501 2400 3544 omnes
2443 3479 2678 3543 dentes

390 3580 697 3667 pullinOS,
766 3580 878 3665 qui
941 3593 1277 3655 vocantur,
1345 3579 1808 3656 mutavissent3
1866 3580 2043 3664 quod
2110 3603 2309 3673 quum
2371 3579 2675 3643 ostendat

391 3705 497 3745 eas
527 3681 657 3745 iam
691 3681 767 3744 ad
794 3681 1039 3765 justam
1070 3668 1593 3766 magnitudinem
1625 3681 2023 3767 pervenisse,
2063 3680 2256 3744 facile
2280 3679 2683 3767 intelligitur

388 3781 782 3846 vocabulum
850 3781 1012 3845 illud
1082 3781 1162 3844 ad
1216 3782 1350 3843 vim
1394 3784 1626 3846 maturi
1670 3781 2002 3846 deflexum
2048 3802 2210 3843 esse.
2299 3780 2448 3844 Hoc
2493 3793 2670 3845 recte

388 3882 725 3947 intellexit
766 3883 963 3946 etiam
1021 3880 1245 3958 schol.,
1293 3882 1404 3967 qui
1452 3882 1820 3946 adnotavit:
1870 3879 2142 3957 τέλειος
2185 3874 2316 3968 τὴν
2357 3874 2667 3968 ἡλικίαν.

393 3984 616 4050 τοῦτο
682 3978 759 4049 δὲ
829 3974 982 4049 ἀπὸ
1049 3982 1201 4047 τῶν
1252 3976 1489 4069 ζῴων,
1554 3983 1691 4059 sed,
1759 4005 1958 4068 quum
2028 3980 2154 4045 hoc
2222 3981 2301 4045 ad
2366 3994 2673 4047 maturam

388 4096 640 4150 aetatem
696 4082 990 4160 referret,
1044 4106 1295 4160 vereor,
1342 4108 1424 4147 ne
1470 4085 1668 4171 longe
1716 4107 1752 4147 a
1794 4105 1950 4145 vero
1998 4082 2414 4147 aberraverit.
2501 4083 2672 4147 Nam

528 4214 571 4278 ¹)
606 4214 793 4265 Nauck
826 4215 883 4262 et
916 4211 1142 4274 Blaydes
1175 4211 1233 4261 in
1269 4204 1460 4263 δάκνει
1499 4215 1729 4261 mutant.
