3134 4842
2489 215 2609 279 103

404 390 634 453 liarum
667 387 1070 472 intelligunt,
1104 409 1232 472 quo
1265 400 1562 473 tempore
1598 385 1794 449 etiam
1827 384 2005 449 ferae
2039 396 2295 470 raptum
2325 395 2695 447 exeunt.—

408 483 901 578 Ag.1223:s')c
954 485 1187 554 τωνδε
1238 480 1502 563 ποινάς
1555 506 1752 581 φημι
1796 479 2185 568 βουλεύειν
2230 481 2393 550 τινὰ
2438 478 2691 551 λέοντ’

407 589 712 658 ἄναλκιν
765 584 840 657 ἐν
890 587 1077 676 λέχει
1136 582 1705 684 στρωφώμενον
1757 580 2135 679 οἰκουρόν.
2233 587 2372 650 Leo
2420 599 2521 651 est
2563 588 2694 650 Ae·
2773 653 2782 666 ,

406 692 681 781 gisthus,
738 692 829 756 sic
874 703 1166 769 vocatus,
1214 691 1368 777 quia
1412 691 1681 784 caedem
1727 702 1926 776 parat.
2016 689 2364 752 Praeterea
2406 688 2693 752 animad-

406 795 796 858 vertendum
844 804 945 856 est
987 790 1253 859 λέοντα
1298 804 1364 856 et
1409 792 1539 855 duo
1586 790 1718 869 illa,
1767 813 1930 876 quae
1979 790 2041 854 ei
2072 789 2529 874 subjiciuntur,
2560 790 2694 876 epi-

405 895 605 972 theta,
653 917 853 980 quum
902 894 979 958 ab
1024 893 1247 958 indole
1293 892 1505 957 leonis
1553 890 1964 968 abhorreant,
2008 913 2375 976 oxymoron
2409 890 2692 976 quodam

406 996 605 1059 modo
652 994 938 1059 efficere.
1026 994 1102 1058 In
1148 993 1475 1109 Aegistho
1523 1005 1625 1057 est
1669 992 2003 1078 sanguinis
2050 992 2233 1056 sities
2278 991 2512 1069 leoni8‚
2558 1016 2691 1055 non

406 1097 724 1161 fortitudo
773 1097 914 1181 ejus
961 1108 1027 1159 et
1071 1096 1345 1160 animus.
1390 1134 1475 1144 -—
1520 1094 1621 1159 Ob
1664 1093 1940 1158 eandem
1988 1116 2248 1158 causam
2282 1092 2694 1179 Clytaemne-

407 1211 555 1275 stra,
624 1220 787 1283 quae
847 1220 1006 1261 mox
1062 1198 1366 1262 maritum
1416 1209 1482 1260 et
1528 1195 1957 1259 Cassandram
2004 1194 2377 1272 interficiet,
2423 1194 2692 1258 nomine

404 1298 672 1362 leaenae
721 1297 1086 1386 appellatur
1128 1301 1256 1386 Ag.
1305 1298 1495 1362 1258:

812 1426 1000 1520 αὕτη
1058 1427 1314 1509 δίπους
1364 1431 1619 1498 λέαινα
1675 1428 2241 1520 συγκοιμωμένη

809 1527 1037 1622 λύκῳ,
1091 1532 1394 1609 λέοντος
1445 1524 1791 1621 εὐγενοῦς
1842 1524 2192 1618 α’πουσίᾳ,

809 1642 1048 1703 κτενεῖ
1084 1656 1180 1723 με
1234 1629 1365 1722 τὴν
1417 1628 1797 1701 τάλαιναν.

408 1770 832 1835 Manifestum
907 1783 1008 1835 est
1071 1771 1643 1858 Agamemnonem
1716 1769 1964 1833 nullam
2033 1768 2223 1833 aliam
2292 1769 2374 1833 ob
2432 1791 2691 1832 causam

405 1871 668 1935 leonem
701 1871 1036 1959 appellari,
1070 1895 1262 1958 quam
1295 1872 1470 1958 quod
1503 1871 2045 1956 Clytaemnestra,
2083 1893 2246 1934 uxor
2277 1870 2438 1954 ejus,
2471 1870 2693 1958 paullo
2793 1915 2804 1920 -

408 1981 556 2036 ante
604 1996 752 2036 cum
797 1973 1029 2037 leaena
1071 1987 1172 2038 est
1216 1986 1605 2059 comparata.
1692 1973 1917 2059 Lupus
1966 1983 2067 2035 est
2110 1970 2503 2057 Aegisthus3
2540 1971 2692 2034 vide

409 2096 604 2160 supra
648 2098 711 2161 p.
759 2076 858 2139 96.
903 2113 987 2123 -
1030 2074 1418 2162 Metaphora
1462 2098 1612 2137 cum
1658 2073 2064 2158 metonymia
2107 2073 2461 2158 conjuncta
2502 2070 2696 2139 λέων

403 2174 495 2239 ita
560 2175 817 2254 dicitur,
884 2190 958 2241 ut
1013 2178 1254 2240 caedem
1307 2174 1656 2262 significet,
1705 2174 1997 2261 Choeph.
2046 2175 2198 2239 939:
2245 2171 2467 2260 ἔμολε
2519 2169 2567 2240 δ
2579 2167 2601 2191 '
2628 2168 2697 2250 ἐς

405 2270 642 2362 δόμον
695 2272 827 2343 τὸν
873 2269 1426 2367 Ἀγαμέμνονος
1479 2272 1788 2352 διπλοῦς
1839 2274 2053 2359 λέων,
2112 2271 2418 2352 διπλοῦς
2448 2271 2693 2367 Ἄρης.

408 2376 714 2441 Conferri
759 2390 978 2463 potest
1020 2377 1098 2442 Il.
1147 2380 1245 2456 21,
1291 2379 1445 2442 483:
1502 2371 1666 2444 ε’πεί
1708 2395 1787 2443 σε
1838 2375 2107 2444 λέοντα
2159 2372 2487 2461 γυναιξὶν
2517 2371 2698 2454 Ζεὺς

412 2475 660 2566 θῆκεν.
751 2478 922 2556 Quid
969 2479 1092 2543 sibi
1136 2479 1301 2543 velit
1344 2474 1673 2556 διπλοῦς,
1718 2480 2109 2566 interpretes
2144 2479 2465 2542 dubitant.
2540 2479 2694 2543 Ore-

409 2592 574 2643 stem
642 2591 710 2643 et
777 2580 1070 2667 Pyladen
1136 2580 1452 2667 intelligit
1518 2579 1743 2658 schol,
1800 2579 1904 2643 cui
1949 2579 2244 2667 plerique
2292 2581 2692 2644 recentiores

408 2680 870 2744 assentiuntur.
958 2683 1053 2745 At
1094 2680 1248 2745 huic
1295 2681 1724 2767 explicationi
1769 2682 1897 2745 duo
1943 2682 2223 2759 obstant,
2255 2704 2480 2758 unum,
2516 2681 2694 2767 quod

409 2782 641 2853 caedes
690 2782 766 2845 ab
814 2781 1043 2846 Oreste
1092 2783 1255 2859 s010‚
1302 2806 1435 2846 non
1483 2783 1562 2847 ab
1611 2782 1840 2847 Oreste
1887 2794 1954 2845 et
1985 2781 2228 2867 Pylade
2261 2794 2691 2868 perpetratur,

408 2881 704 2960 alterum,
774 2883 951 2968 quod
1015 2882 1143 2960 hic,
1209 2884 1325 2948 ubi
1391 2885 1676 2969 gravitas
1734 2905 2008 2969 poenae,
2070 2906 2235 2968 quae
2282 2884 2357 2947 ad
2423 2884 2692 2947 domum

406 2983 929 3069 Agamemnonis
992 2985 1312 3070 pervenit,
1374 2998 1475 3049 est
1528 2984 1935 3061 declaranda,
1982 2982 2148 3047 nihil
2194 2984 2428 3048 attinet
2472 2985 2690 3049 dicere

406 3083 572 3149 duos
617 3084 844 3163 fuisse,
891 3086 1002 3170 qui
1045 3085 1405 3149 vindictam
1452 3098 1989 3171 exsequerentur.
2077 3085 2310 3170 Neque
2357 3087 2563 3173 magis
2610 3086 2691 3150 de

405 3186 909 3269 Agamemnone
957 3200 1025 3251 et
1069 3186 1595 3271 Clytaemnestra
1639 3199 1738 3250 est
1769 3186 2214 3271 cogitandum.
2285 3186 2499 3264 Quum
2530 3187 2693 3252 haec

407 3308 443 3347 a
487 3284 687 3350 choro
720 3288 940 3351 statim
971 3300 1124 3375 post
1151 3288 1539 3352 interfectos
1573 3277 1969 3373 Aegisthum
2003 3300 2071 3352 et
2100 3287 2692 3374 Clytaemnestram

407 3384 724 3464 dicantur,
771 3387 936 3451 nihil
980 3389 1107 3452 nisi
1149 3388 1386 3453 horum
1434 3388 1701 3453 caedem
1740 3387 2071 3476 designari
2102 3388 2265 3453 mihi
2298 3388 2565 3475 quidem
2601 3390 2694 3455 ita

404 3509 788 3571 persuasum
857 3501 974 3566 est,
1038 3501 1110 3552 ut
1173 3490 1362 3553 valde
1423 3489 1623 3552 mirer
1679 3490 2015 3554 neminem
2062 3503 2210 3554 ante
2259 3489 2578 3554 Weilium
2622 3491 2692 3555 id

406 3589 963 3654 animadvertisse.
1007 3628 1092 3637 —
1138 3589 1314 3675 Sept.
1362 3591 1441 3655 52
1488 3602 1745 3677 septem
1789 3591 1887 3654 illi
1931 3592 2075 3670 viri,
2123 3591 2236 3677 qui
2280 3591 2542 3657 Thebas
2588 3615 2693 3679 ag-

405 3689 810 3774 grediuntur,
881 3691 963 3755 ob
1019 3690 1339 3754 invictum
1385 3690 1677 3755 animum
1724 3704 1792 3756 et
1834 3692 2148 3757 bellicum
2195 3692 2493 3757 ardorem
2540 3717 2687 3757 cum

404 3789 706 3854 leonibus
775 3805 1261 3878 comparantur.
1318 3787 1807 3914 σιδηρόφρων
1853 3788 2009 3886 γὰρ
2079 3787 2329 3881 θυμὸς
2388 3787 2693 3886 ανδρείᾳ

407 3887 712 3983 φλέγων
763 3892 980 3978 ἔπνει,
1032 3886 1362 3977 λεόντων
1406 3888 1510 3971 ὥς
1538 3891 1733 3987 Ἀρη
1777 3887 2268 3986 δεδορκότων.
2356 3895 2574 3960 Etiam
2620 3896 2690 3959 in

406 3991 628 4055 multis
674 3992 1046 4060 Homericis
1095 3973 1635 4061 similitudinibus
1681 3995 2001 4061 fortitudo
2046 3997 2313 4062 tertium
2361 4020 2691 4083 compara-

402 4092 603 4155 tionis
649 4107 767 4170 est,
813 4095 997 4159 velut
1040 4096 1114 4160 Il.
1165 4099 1263 4174 12,
1308 4098 1580 4161 41—49.

1250 4273 1842 4307 „n-.-wffi
