3134 4842
2570 120 2654 185 33

743 281 1010 372 βάλλει
1055 279 1149 374 μ’
1203 280 1473 378 ἐρεμνῇ
1499 278 1811 405 ψακάδι
1865 287 2166 379 φοινίας
2214 280 2522 378 δρόσου,

738 388 1163 479 χαίρουσαν
1212 380 1432 455 οὐδὲν
1481 371 1716 473 ἧσσον
1766 380 1810 475 ἢ
1865 380 2236 476 διοσδότῳ

742 484 951 580 γάνει
1007 481 1382 582 σπορητὸς
1427 481 1755 564 κάλυκος
1803 481 1881 554 ἐν
1928 481 2406 576 λοχεύμασιν,

436 625 554 690 ubi
625 624 1150 710 Clytaemnestra
1214 622 1605 709 sanguinem
1660 644 1771 685 ore
1819 621 2163 687 morientis
2210 625 2739 709 Agamemnonis

435 725 839 802 exhalatum,
909 748 1039 811 quo
1105 723 1491 811 aspergitur,
1557 722 1959 786 rorationem
2025 737 2299 801 vocant}
2366 723 2608 789 deinde
2663 726 2735 790 in

433 826 725 912 imagine
794 827 1140 890 demorans
1209 824 1371 889 dicit
1425 846 1494 888 se
1550 822 1681 888 hoc
1726 824 2091 911 sanguineo
2138 847 2287 888 rore
2334 848 2468 889 non
2514 826 2733 889 minus

436 927 688 1004 laetari,
756 949 950 1012 quam
1003 948 1192 1012 seges
1240 948 1319 989 eo
1366 937 1688 1011 tempore,
1736 946 1939 1009 quum
1982 925 2240 1011 calyces
2289 926 2475 1010 quasi
2519 940 2736 1013 partu-

434 1028 630 1105 riant,
674 1049 820 1091 rore
869 1049 956 1090 ex
1000 1026 1190 1091 coelo
1238 1025 1513 1090 cadente
1552 1024 1855 1089 laetetur.
1931 1025 2207 1112 Calyces
2238 1040 2381 1090 tum
2413 1027 2732 1113 parturire

433 1128 768 1205 dicuntur,
802 1150 1002 1213 quum
1032 1127 1318 1241 primum
1348 1125 1853 1190 herbescentem
1882 1126 2285 1191 viriditatem
2316 1115 2735 1214 promittunt,

434 1252 572 1315 quo
639 1242 936 1315 tempore
1005 1229 1213 1315 magis
1278 1249 1473 1312 quam
1538 1226 1677 1291 ullo
1743 1226 1874 1291 alio
1933 1241 2227 1313 segetem
2280 1228 2469 1292 tenui
2514 1229 2738 1315 pluvia

435 1330 737 1417 indigere
783 1343 1059 1394 constat.
1149 1329 1287 1392 Iam
1331 1327 1666 1392 Homerus
1710 1327 1791 1391 ad
1833 1350 2144 1414 magnum
2175 1328 2492 1414 gaudium
2525 1330 2737 1395 decla-

436 1432 713 1495 randum
753 1430 1042 1516 imagine
1073 1428 1317 1517 segetis
1350 1451 1494 1492 rore
1527 1450 1920 1513 conspersae
1952 1451 2108 1492 usus
2142 1444 2260 1494 est.
2333 1430 2411 1494 Il.
2446 1432 2545 1508 23,
2578 1432 2700 1496 597
2718 1456 2733 1495 z

1280 1569 1450 1638 ,τοῖο
1505 1556 1584 1628 δὲ
1639 1554 1930 1650 θυμὸς,

695 1656 952 1752 ἰάνθη,
1010 1658 1114 1740 ὥς
1164 1663 1303 1731 εἴτε
1354 1658 1518 1753 περὶ
1572 1657 2007 1750 σταχύεσσιν
2058 1657 2267 1756 ἐέρση

696 1763 910 1852 ληιου
964 1756 1487 1853 αλδήσκοντος,
1541 1757 1670 1831 ὅτε
1723 1765 2170 1859 φρίσσουσιν
2218 1761 2563 1858 ἄρουραι.

432 1898 697 1963 Dubius
742 1899 927 1964 locus
973 1912 1076 1964 est
1118 1902 1247 1988 Ag.
1282 1901 1479 1964 1511.
1512 1894 1804 1989 (Ἄρης)
1836 1919 2011 1967 οποι
2045 1893 2267 1965 δὲκαὶ
2295 1898 2735 1989 προβαινων

436 1992 687 2087 πάχνᾳ
709 1993 1164 2093 κουροβόρῳ
1193 1999 1511 2093 παρέξει.
1542 1992 1813 2088 πάχνα,
1846 2000 2023 2087 quod
2048 2001 2444 2065 vocabulum
2467 2003 2732 2088 proprie

433 2114 539 2166 est
579 2123 684 2165 ros
726 2102 1090 2188 coaezqelatus,
1135 2102 1190 2165 si
1234 2102 1328 2166 ita
1369 2116 1545 2166 recte
1593 2102 1918 2180 scribitur,
1962 2101 2072 2167 hic
2115 2101 2285 2166 nihil
2329 2103 2459 2166 nisi
2489 2108 2737 2190 sanqui-

435 2225 572 2268 nem
614 2215 957 2267 concretum
987 2202 1358 2290 significare
1391 2216 1634 2289 potest,
1665 2216 1740 2267 ut
1767 2202 1930 2267 haec
1962 2202 2074 2268 fiat
2104 2204 2464 2268 sententia:
2539 2204 2735 2281 Mars,

432 2319 793 2389 quousque
827 2304 1306 2390 progredietur,
1351 2304 1514 2367 tales
1562 2304 1796 2368 caedes
1843 2302 2092 2368 efficiet
2135 2317 2408 2390 propter
2452 2303 2731 2369 effusum
2776 2369 2791 2386 ,

433 2404 1226 2490 sanguinem'puerorum
1275 2427 1710 2468 comesorum.
1797 2404 2158 2490 Plerosque
2189 2404 2353 2468 haec
2381 2406 2580 2470 verba
2615 2428 2733 2493 pro

438 2504 767 2590 corruptis
811 2503 1050 2569 habere
1097 2505 1294 2568 video
1344 2516 1412 2568 et
1456 2506 1539 2569 ob
1571 2500 1913 2569 insolitum
1943 2528 2134 2568 usum
2165 2505 2497 2592 participii
2528 2500 2733 2585 (ὅποι

441 2602 877 2696 προβαίνων
915 2636 996 2661 -τ-
1059 2598 1237 2671 ὅποι
1288 2598 1383 2670 ἂν
1432 2603 1716 2696 προβῇ)
1749 2620 1815 2669 ct
1847 2605 1931 2668 ob
1964 2604 2515 2690 significationem
2549 2609 2733 2672 vocis

441 2698 705 2794 πάχνη,
737 2707 923 2791 cujus
953 2706 1210 2770 nullum
1240 2699 1419 2769 aliud
1449 2705 1833 2791 exemplum
1864 2704 2080 2768 afferri
2110 2718 2350 2791 potest.
2424 2707 2731 2772 Fortasse

434 2818 660 2869 tamen
703 2799 945 2895 πάχνη
984 2806 1405 2870 retinendum
1437 2818 1569 2882 est3
1615 2804 1882 2891 sanguis
1914 2805 2299 2892 congelatus
2332 2807 2463 2871 dici
2493 2809 2731 2894 potuit,

436 2918 512 2969 ut
555 2906 1039 2993 exprimeretur
1083 2906 1300 2971 caedis
1347 2907 1672 2971 maculam
1708 2930 1841 2971 non
1875 2928 2290 2984 evanescere,
2324 2908 2441 2971 sed
2471 2932 2735 2996 semper

434 3028 700 3071 manere
771 3021 838 3072 et
902 3007 1228 3072 ultionem
1294 3030 1590 3094 poscere,
1659 3007 1963 3071 similiter
2017 3019 2211 3093 atque
2271 3006 2569 3094 Choeph.
2617 3011 2730 3075 66·

434 3102 505 3172 ὸι
525 3098 821 3195 ἀἱζιιατ’
876 3100 1303 3188 ἐκποθένθ’
1361 3102 1506 3175 ὑπὸ
1552 3102 1851 3194 χθονὸς
1903 3109 2206 3203 τροφοῦ
2250 3109 2450 3184 τίτας
2494 3128 2736 3202 φονος

429 3206 758 3297 πέπηγεν
801 3200 893 3274 οὗ
926 3202 1354 3299 διαρρύδαν.
1428 3208 1866 3297 Nagelsbach,
1900 3209 2012 3295 qui
2042 3208 2377 3296 vulgatam
2409 3209 2729 3288 defendit,

434 3326 666 3373 monet
707 3302 950 3397 πάχνη
996 3309 1370 3395 significatu
1412 3334 1621 3397 prope
1669 3310 1837 3374 nihil
1869 3309 2129 3374 differre
2165 3333 2202 3373 a
2228 3304 2475 3402 κρύος,
2506 3305 2734 3403 κρύος

430 3423 653 3473 autem
699 3409 878 3474 idem
923 3411 1320 3484 vocabulum
1366 3434 1509 3475 esse
1557 3426 1753 3496 atque
1801 3434 2122 3475 cruorem.

827 3511 919 3574 Ut
961 3511 1089 3575 iam
1139 3512 1218 3575 ad
1257 3511 1581 3598 imagines
1608 3512 1761 3576 lucis
1791 3523 1860 3576 et
1886 3511 2273 3577 tenebrarum
2301 3526 2727 3593 transeamus,

431 3610 720 3695 primum
786 3612 982 3676 nobis
1041 3612 1325 3676 occurrit
1382 3612 1671 3676 maxima
1715 3636 1938 3676 earum
1986 3612 2195 3699 copia,
2244 3612 2481 3697 quibus
2527 3615 2726 3680 lumen

432 3722 503 3774 et
565 3713 695 3776 dies
748 3735 870 3799 pro
917 3713 1112 3776 rebus
1157 3713 1328 3779 laetis
1371 3727 1440 3777 et
1468 3715 1729 3801 faustis,
1773 3715 2046 3778 tenebrae
2091 3726 2158 3777 et
2200 3735 2323 3777 nox
2365 3736 2486 3799 pro
2533 3716 2726 3779 rebus

427 3813 706 3876 tristibus
770 3826 839 3877 et
902 3816 1197 3901 infaustis
1250 3814 1694 3878 nominantur.
1792 3814 1976 3879 Haec
2020 3813 2358 3878 translatio
2408 3814 2725 3890 omnium,

428 3912 652 3986 ered0‚
699 3913 1072 4000 linguarum
1121 3915 1488 3979 communis
1534 3928 1637 3978 est
1689 3929 1756 3979 et
1798 3915 1890 3979 ita
1932 3915 2264 4000 frequens,
2296 3928 2370 3979 ut
2398 3938 2609 4001 paene
2643 3939 2727 3979 ex

430 4012 668 4077 intima
711 4012 1002 4079 hominis
1048 4029 1278 4079 natura
1322 4015 1597 4079 fluxisse
1626 4015 1945 4081 videatur.
2021 4014 2195 4094 Quid
2227 4016 2401 4079 enim
2436 4014 2726 4080 hominis

432 4113 642 4200 magis
709 4115 1051 4201 proprium
1106 4130 1206 4180 est
1251 4140 1441 4202 quam
1486 4116 1636 4181 luce
1682 4116 1930 4193 laetari,
1974 4116 2264 4181 tenebris
2310 4130 2528 4180 aut-em
2574 4118 2728 4204 angi

2602 4210 2642 4274 3
