3134 4842
2618 286 2655 348 5

445 472 675 513 verum
753 461 854 513 est
931 448 1342 535 Aeschylum
1421 464 1563 513 tum
1643 449 1927 513 maxime
2008 450 2329 535 imagines
2409 451 2741 529 adhibere,

449 573 650 636 quum
696 551 767 613 in
811 549 1192 613 vehementi
1262 562 1447 614 motu
1496 550 1922 637 depingendo
1966 551 2109 637 ipse
2155 551 2413 637 impetu
2458 551 2741 638 quodam

445 650 688 715 mentis
731 649 1136 737 provehitur,
1173 675 1307 715 non
1353 665 1454 715 est
1500 652 1870 715 mirandum
1918 674 2069 714 eum
2112 674 2435 736 nusquam
2481 653 2740 738 saepius

448 775 640 838 quam
671 752 741 814 in
771 752 1012 816 talibus
1044 752 1208 815 locis
1241 776 1277 814 a
1305 752 1566 838 legibus
1611 751 1899 817 Graecae
1931 752 2197 838 linguae
2230 765 2296 816 et
2334 776 2370 814 a
2406 754 2742 817 communi

443 852 762 938 loquendi
811 876 992 915 more
1040 852 1397 917 discedere.
1463 853 1649 916 Haec
1695 866 1795 917 est
1819 876 2029 931 causa,
2063 876 2259 937 quare
2290 853 2481 940 multi
2514 877 2741 918 eorum

443 953 761 1031 locorum,
831 953 943 1039 qui
1007 952 1329 1039 imagines
1398 953 1764 1030 continent,
1809 966 2022 1018 tantas
2070 949 2492 1018 difficultates
2544 955 2742 1018 inter-

444 1054 740 1139 pretibus
787 1054 1164 1118 attulerunt.
1233 1054 1440 1139 Saepe
1489 1076 1705 1118 sermo
1744 1054 1817 1117 in
1859 1054 1942 1118 iis
1988 1054 2304 1118 obscurus
2335 1068 2436 1119 est
2465 1069 2533 1119 et
2560 1078 2742 1142 prae-

448 1155 672 1218 sertim
737 1153 943 1217 nimia
1006 1154 1326 1218 brevitate
1396 1153 1709 1219 difficilis.
1821 1155 2031 1242 Saepe
2088 1155 2231 1241 ipsa
2292 1155 2742 1220 similitudinis

445 1255 632 1334 ratic,
679 1278 845 1340 quae
890 1255 1065 1318 inter
1109 1277 1216 1318 eas
1253 1278 1379 1333 ree,
1413 1278 1577 1340 quae
1609 1255 1680 1319 in
1704 1255 1994 1341 imagine
2039 1270 2516 1342 comparantur,
2546 1256 2743 1320 inter-

448 1356 644 1434 cedit,
715 1356 1145 1420 audacissime
1213 1355 1485 1419 inventa
1550 1369 1652 1420 est
1707 1370 1775 1420 et
1818 1379 1855 1420 a
1897 1370 2158 1421 nostrae
2203 1357 2469 1443 linguae
2514 1370 2746 1421 natura

447 1456 640 1543 plane
688 1456 1035 1521 abhorret.
1120 1455 1463 1519 Interdum
1525 1457 1693 1520 miro
1763 1457 1964 1521 modo
2032 1457 2113 1520 ab
2158 1480 2291 1520 una
2340 1458 2741 1543 cogitatione

449 1556 529 1620 ad
574 1557 766 1620 aliam
830 1556 1018 1621 velut
1078 1556 1414 1634 transsilit,
1481 1570 1557 1621 ut
1622 1556 1896 1622 difficile
1944 1558 2030 1621 sit
2070 1556 2402 1644 indagare,
2448 1581 2613 1643 quae
2659 1559 2746 1623 sit

450 1680 528 1721 ea
572 1680 920 1743 suppressa
964 1656 1300 1743 cogitati0‚
1347 1680 1514 1743 quae
1560 1681 1713 1721 eum
1759 1660 1838 1723 ab
1881 1658 1999 1722 illa
2042 1657 2123 1721 ad
2165 1657 2335 1722 hanc
2374 1658 2742 1723 deduxerit.

618 1758 758 1821 Iam
826 1760 981 1822 satis
1047 1781 1153 1822 me
1221 1758 1469 1822 dixisse
1537 1757 1837 1838 arbitror,
1903 1772 1979 1823 ut
2044 1758 2562 1823 demonstrarem
2615 1782 2741 1836 me,

452 1882 650 1944 quum
697 1859 1020 1945 imagines
1065 1859 1388 1944 Aeschyli
1429 1872 1708 1924 tractare
1738 1859 2175 1937 instituerem,
2206 1882 2345 1923 rem
2375 1859 2739 1947 suscepisse

446 1960 554 2023 vel
598 1959 886 2023 maxime
959 1959 1247 2045 dignam,
1313 1960 1383 2023 in
1430 1983 1559 2045 qua
1602 1959 2065 2025 elaboraretur.
2150 1959 2319 2023 Nam
2366 1960 2423 2024 si
2469 1960 2741 2024 omnino

449 2061 531 2125 ad
573 2073 841 2146 poetam
905 2060 1100 2145 plane
1147 2060 1661 2146 intelligendum
1704 2084 1843 2125 non
1886 2061 2072 2148 parvi
2116 2061 2441 2125 momenti
2488 2073 2589 2124 est
2633 2084 2745 2124 ex-

449 2160 727 2246 quirere,
796 2162 1032 2246 quibus
1098 2184 1256 2226 usus
1324 2161 1409 2225 sit
1471 2161 1873 2248 imaginibus
1940 2175 2008 2226 et
2052 2162 2386 2247 quomodo
2436 2185 2543 2226 eas
2590 2185 2745 2226 con-

446 2261 851 2339 formaverit,
916 2262 988 2325 id
1052 2285 1133 2325 eo
1201 2263 1408 2348 magis
1474 2262 1620 2326 fieri
1687 2275 1970 2348 oportet,
2018 2287 2148 2349 quo
2194 2262 2382 2349 plura
2433 2276 2633 2349 poeta
2672 2262 2743 2325 in

448 2385 671 2426 earum
716 2386 841 2425 usu
884 2361 1085 2427 habet
1128 2385 1246 2427 sua
1288 2376 1356 2427 et
1393 2364 1692 2449 propria;
1739 2363 1919 2448 quod
1946 2364 2041 2427 ita
2070 2386 2212 2427 esse
2245 2363 2419 2450 apud
2449 2362 2745 2448 Aeschy-

447 2462 587 2526 lum
634 2486 829 2549 supra
872 2462 1260 2549 significavi,
1300 2463 1474 2527 infra
1504 2464 1772 2528 uberius
1806 2487 2157 2551 exponam.
2226 2463 2440 2542 Quare
2473 2463 2743 2541 credidi,

450 2562 507 2627 si
554 2563 774 2626 omnia
835 2564 1199 2650 imaginum
1273 2564 1597 2649 exempla,
1666 2586 1832 2648 quae
1898 2565 1969 2627 in
2013 2564 2372 2650 tragoediis
2422 2563 2746 2650 Aeschyli

451 2663 927 2743 invenirentur,
995 2663 1480 2737 accuratissime
1546 2664 1965 2750 collegissem
2036 2678 2103 2729 et
2143 2665 2214 2728 in
2260 2687 2504 2750 genera
2550 2687 2745 2749 quae-

455 2764 604 2827 dam
636 2765 964 2851 descripta
992 2765 1506 2851 proposuissem,
1531 2765 1828 2828 futurum
1862 2788 2026 2843 esse,
2055 2777 2130 2828 ut
2160 2765 2242 2828 ad
2272 2764 2446 2829 hunc
2477 2777 2743 2851 poetam

449 2865 687 2929 melius
752 2865 1265 2951 intelligendum
1330 2865 1640 2929 nonnihil
1695 2866 1997 2930 utilitatis
2044 2866 2461 2930 redundaret.
2552 2865 2745 2944 Quod

450 2966 664 3030 adhuc
709 2990 746 3030 a
788 2967 973 3030 nullo
1018 2967 1267 3030 facturn
1315 2989 1457 3029 esse
1498 2967 1716 3030 video,
1804 2966 1959 3030 Non
1993 2967 2347 3030 defuerunt
2375 2967 2423 3029 ii
2456 2967 2743 3052 quidem,

452 3067 565 3151 qui
631 3067 711 3130 de
780 3067 1169 3152 quibusdam
1235 3068 1450 3140 rebUS,
1520 3090 1687 3152 quae
1740 3067 1870 3131 huc
1913 3068 2268 3153 pertinent,
2315 3067 2743 3153 disputarent,

450 3191 575 3231 nec
617 3180 840 3231 tamen
884 3168 994 3245 ita,
1040 3182 1114 3231 ut
1159 3168 1456 3254 quaestio
1504 3168 1586 3231 ad
1629 3168 1832 3231 finem
1855 3168 2194 3254 ‘perducta
2234 3167 2461 3231 haberi
2515 3168 2743 3253 possit.

448 3267 588 3330 Iam
635 3291 747 3331 eos
793 3268 1173 3346 nominabo,
1207 3292 1372 3354 quos
1405 3268 1543 3332 scio
1579 3283 1728 3332 ante
1762 3291 1865 3331 me
1897 3269 1968 3332 in
1996 3269 2395 3354 imaginibus
2424 3267 2745 3368 Aeschyli

449 3368 804 3432 tractandis
847 3382 1142 3438 versatos
1191 3392 1355 3433 esse.
1422 3373 1670 3432 ALTUM
1714 3369 2224 3455 (Similitudines
2270 3369 2548 3432 Homeri
2595 3391 2744 3432 cum

448 3468 792 3554 Aeschyli,
866 3468 1238 3582 SophocliS,
1297 3470 1637 3556 Euripidis
1724 3483 2203 3556 comparantur.
2286 3469 2501 3533 Berol.
2555 3470 2745 3551 1855)

452 3570 919 3634 similitudines
985 3583 1242 3634 tantum
1309 3584 1561 3648 tractat,
1610 3594 1773 3657 quae
1823 3584 1924 3635 est
1968 3592 2115 3657 pars
2164 3571 2226 3633 ei
2270 3570 2518 3656 generi,
2566 3568 2745 3654 quod

449 3671 722 3734 nomine
787 3670 1094 3757 imaginis
1163 3672 1589 3757 complector,
1658 3672 1973 3756 subjecta.
2075 3671 2307 3734 HOPPE
2376 3670 2504 3754 (De
2572 3694 2750 3734 com-

452 3772 868 3856 parationum
915 3785 982 3835 et
1026 3772 1558 3858 metaphorarum
1605 3773 1778 3858 apud
1822 3771 2109 3857 tragicos
2154 3795 2298 3835 usu.
2339 3770 2512 3835 Berl.
2547 3771 2747 3853 1859)

451 3871 780 3935 uberrime
850 3886 918 3936 et
984 3873 1289 3937 omnibus
1360 3873 1683 3958 exemplis
1750 3872 2048 3936 collectis
2118 3873 2199 3936 de
2259 3895 2337 3935 eo
2380 3871 2740 3957 imaginum

451 3993 695 4057 genere
764 3973 918 4059 agit,
976 3972 1155 4058 quod
1210 3975 1288 4038 ab
1333 3977 1542 4037 avium
1586 3987 1817 4037 natura
1863 3986 1963 4036 est
2008 3972 2382 4036 deductum.
2470 3973 2743 4035 RADTKE

452 4072 582 4154 (De
626 4074 836 4160 tropis
883 4073 1058 4159 apud
1113 4074 1397 4160 tragicos
1456 4073 1762 4138 Graecos.
1808 4074 2027 4137 Berol.
2077 4063 2267 4155 1865)
2311 4073 2616 4136 universa
2664 4072 2743 4136 de

452 4173 663 4260 tropis
740 4173 1184 4260 disputatione
1262 4175 1620 4261 praemissa
1699 4173 2117 4261 metaphoras
2191 4173 2591 4259 tragicorum
2660 4195 2744 4235 ex

451 4275 866 4358 ayricultzgrae
929 4274 1126 4337 rebus
1192 4275 1569 4362 desumptas
1617 4275 1923 4361 exponit3
1967 4277 2132 4338 idem
2174 4274 2301 4357 (De
2346 4273 2750 4360 tragicorum
