3134 4842
576 177 694 238 104

1198 1097 1583 1180 Corrigenda
1629 1101 1694 1161 et
1736 1097 2039 1162 addenda.

537 1306 548 1318 .
633 1256 710 1317 19
776 1278 837 1317 v.
907 1255 983 1317 16
1052 1279 1086 1318 a
1153 1278 1431 1333 summ0,
1509 1255 1823 1341 scriptum
1900 1267 2001 1319 est
2067 1255 2367 1331 fuerunt3
2448 1255 2761 1342 scriptum

535 1506 548 1518 .
626 1457 707 1520 33
770 1479 832 1519 v.
942 1457 979 1519 5
1047 1481 1082 1520 a
1160 1481 1437 1535 summ0,
1515 1457 1829 1544 scriptum
1908 1470 2008 1521 est
2078 1469 2347 1535 vocant3
2448 1456 2760 1542 scriptum
2872 1466 2876 1477 ‘

1057 1358 1351 1442 oportuit
1395 1356 1541 1420 fuit.

1054 1559 1345 1644 oportuit
1386 1571 1597 1623 vocat.

535 1709 548 1721 .
624 1660 704 1722 36
770 1681 830 1720 v,
886 1661 926 1721 4
973 1683 1008 1721 a
1053 1682 1328 1737 summo,
1376 1673 1525 1724 ante
1573 1655 1693 1725 καὶ
1705 1652 2126 1775 δνοφεράν
2179 1658 2344 1722 adde
2394 1665 2599 1725 τοῖον
2653 1654 2765 1725 ἐπὶ

1047 1760 1323 1855 κνέφας
1364 1753 1579 1849 ἀνδρὶ
1617 1754 1858 1846 μύσος
1907 1753 2343 1827 πεπόταται.

536 1909 548 1922 .
626 1861 707 1924 38
783 1875 935 1947 post
996 1886 1057 1925 v.
1129 1864 1208 1926 10
1274 1861 1458 1926 adde.
1547 1863 1926 1948 Antequam
1982 1861 2303 1948 imagines
2348 1862 2515 1925 111018
2562 1874 2629 1925 01
2671 1874 2764 1924 10-

779 1964 1128 2027 nebrarum
1173 1964 1642 2048 relinquamus,
1676 1988 1843 2028 unus
1875 1964 2082 2041 locus,
2119 1962 2416 2050 Choeph.
2449 1965 2525 2026 61
2562 1985 2763 2048 sequ,

780 2063 1148 2128 afferendus
1239 2078 1358 2142 est,
1449 2087 1578 2150 quo
1646 2064 1925 2129 fortasse
1997 2065 2218 2128 nullus
2289 2064 2628 2129 obscurior
2692 2064 2761 2126 in

778 2165 1134 2251 tragoediis
1209 2165 1529 2250 Aeschyli
1595 2166 1948 2229 invenitur.
2057 2165 2391 2252 Scriptura
2461 2165 2764 2229 codicum

779 2266 1071 2351 paullum
1115 2266 1459 2329 immutata
1501 2266 1808 2345 Dindorf‚
1857 2291 1893 2330 a
1923 2290 2052 2352 quo
2087 2267 2290 2331 ceteri
2321 2291 2453 2330 non
2486 2266 2762 2330 multum

782 2367 1198 2445 dissentiunt,
1220 2367 1519 2454 italegit:
1555 2361 1852 2459 ῥοπὴδ’
1881 2362 2261 2434 ἐπισκοπεῖ
2274 2365 2763 2454 Λίκαςταχεῖα

781 2465 956 2545 τοὺς
1012 2490 1150 2555 μεν
1214 2463 1288 2535 ἐν
1355 2462 1558 2563 φάει,
1629 2464 1719 2535 τὰ
1796 2461 1878 2534 δ’
1904 2464 1980 2535 ἐν
2036 2469 2451 2556 μεταιχμίῳ
2492 2464 2766 2535 σκότου

772 2569 974 2655 μένει
1008 2569 1489 2658 χρονίζοντας
1542 2565 1709 2658 ἄχη,
1758 2565 1930 2646 τοὺς
1971 2563 2053 2636 δ’
2079 2568 2406 2661 ἄκοατος
2434 2569 2575 2657 ἔχει
2611 2556 2762 2649 νύξ.

783 2671 1187 2786 Quamquam
1271 2672 1474 2758 igitur
1564 2672 1884 2760 scriptura
1978 2685 2275 2736 constare
2357 2671 2637 2749 videtur,
2717 2672 2765 2735 ii

781 2772 990 2850 multi,
1059 2774 1172 2859 qui
1237 2773 1412 2837 hunc
1485 2773 1706 2837 locum
1765 2774 2094 2859 explicare
2153 2774 2371 2837 conati
2416 2786 2586 2850 sunt,
2631 2787 2765 2837 tam

783 2874 1071 2939 diversas
1149 2874 1732 2961 interpretationes
1815 2874 2249 2961 protulerunt,
2316 2887 2390 2938 ut
2453 2875 2569 2938 vix
2635 2875 2765 2937 duo

781 2975 954 3039 inter
1020 2998 1087 3038 se
1157 2976 1591 3039 consentiant.
1679 2976 1814 3040 Has
1879 2976 2458 3062 interpretationes
2520 2975 2574 3039 si
2621 2976 2765 3061 quis

784 3099 1184 3161 cognoscere
1238 3076 1418 3154 velit,
1465 3100 1617 3140 eum
1664 3077 1898 3165 delego
1946 3078 2025 3142 ad
2071 3077 2441 3154 Wecklein,
2491 3076 2766 3140 Studien

783 3203 864 3241 zu
929 3176 1331 3269 AeschyluS,
1379 3201 1440 3263 p.
1502 3179 1621 3242 149
1669 3202 1870 3264 sequ,
1915 3179 2029 3242 ubi
2075 3179 2497 3265 gravissimae
2545 3201 2765 3241 earum

784 3292 1227 3366 exponuntur.
1319 3278 1653 3364 Quidquid
1720 3280 1801 3343 de
1871 3279 2199 3344 sententia
2253 3279 2408 3342 loci·
2440 3278 2764 3356 statuitur,

782 3380 1055 3444 minime
1124 3380 1395 3445 dubium
1463 3392 1581 3458 est,
1638 3381 1796 3465 quin
1850 3375 1926 3446 ἐν
1971 3375 2175 3475 φάει,
2229 3374 2305 3446 ἐν
2351 3381 2766 3466 μεταιχμίῳ

785 3476 1080 3566 σκότου,
1135 3477 1458 3574 ἄκρατος
1509 3475 1642 3559 νύξ
1694 3481 1909 3546 varios
1957 3482 2140 3567 quasi
2184 3481 2422 3568 gradus
2470 3482 2768 3567 ejusdcm

784 3584 880 3646 rei
923 3582 1252 3661 indicent3
1311 3585 1439 3659 lux,
1471 3594 1787 3668 tamquam
1822 3585 2084 3671 confinia
2115 3584 2267 3646 lucis
2298 3595 2352 3648 et
2385 3584 2768 3647 tenebram-m

783 3683 825 3747 i.
899 3709 953 3748 e.
1021 3686 1465 3772 crepusculum,
1532 3707 1706 3748 cassa
1769 3707 1891 3748 nox
1954 3685 2129 3748 inter
2193 3707 2263 3748 se
2323 3697 2768 3771 opponuntur.

786 3784 964 3863 Quae
1046 3810 1245 3872 quum
1313 3786 1455 3850 sine
1522 3785 1724 3849 dubio
1782 3785 2096 3850 translato
2145 3808 2343 3849 sensu
2389 3785 2772 3871 accipienda

784 3886 932 3965 sint,
979 3888 1076 3950 vis
1122 3887 1317 3971 hujus
1369 3886 1677 3972 imaginis
1723 3886 1978 3965 duobus
2025 3886 2163 3949 fere
2208 3887 2420 3951 modis
2455 3886 2772 3973 explicari

783 4001 1022 4075 potest.
1134 3988 1272 4051 Alii
1347 3988 1524 4051 enim
1587 3988 1981 4075 interpretes
2063 3987 2280 4051 lucem
2340 3990 2771 4074 prosperitatis

784 4089 1187 4176 intelligunt,
1235 4090 1341 4153 cui
1385 4103 1757 4176 opponatur
1783 4089 1891 4152 vel
1924 4089 2201 4152 obscura
2230 4101 2425 4174 atque
2457 4087 2769 4176 ignobilis

787 4189 1093 4254 condicio
1157 4191 1341 4276 vulgi
1393 4190 1502 4255 vel
1545 4190 1880 4277 profunda
1922 4213 2079 4269 nox,
2127 4213 2291 4276 quae
2338 4203 2633 4254 mortuos
2677 4203 2772 4253 te-
