<?xml version="1.0" encoding="UTF-8"?>
<!DOCTYPE html PUBLIC "-//W3C//DTD XHTML 1.0 Transitional//EN"
    "http://www.w3.org/TR/xhtml1/DTD/xhtml1-transitional.dtd">
<html xmlns="http://www.w3.org/1999/xhtml" xml:lang="en" lang="en">
 <head>
  <title>
</title>
<meta http-equiv="Content-Type" content="text/html;charset=utf-8" />
  <meta name='ocr-system' content='tesseract 3.04.00' />
  <meta name='ocr-capabilities' content='ocr_page ocr_carea ocr_par ocr_line ocrx_word'/>
</head>
<body>
  <div class='ocr_page' id='page_1' title='image "./deimaginibusaes00dahlgoog_0019.png"; bbox 0 0 3134 4842; ppageno 0'>
   <div class='ocr_carea' id='block_1_1' title="bbox 2534 204 2613 267">
    <p class='ocr_par' dir='ltr' id='par_1_1' title="bbox 2534 204 2613 267">
     <span class='ocr_line' id='line_1_1' title="bbox 2534 204 2613 267; baseline 0.013 -1"><span class='ocrx_word' id='word_1_1' title='bbox 2534 204 2613 267; x_wconf 87' lang='lat'><strong>13</strong></span> 
     </span>
    </p>
   </div>
   <div class='ocr_carea' id='block_1_2' title="bbox 384 368 2711 4280">
    <p class='ocr_par' dir='ltr' id='par_1_2' title="bbox 384 368 2711 4280">
     <span class='ocr_line' id='line_1_2' title="bbox 406 368 2698 456; baseline -0 -22"><span class='ocrx_word' id='word_1_2' title='bbox 406 392 611 434; x_wconf 92' lang='lat' dir='ltr'><strong>novas</strong></span> <span class='ocrx_word' id='word_1_3' title='bbox 678 368 978 456; x_wconf 88' lang='lat' dir='ltr'><strong>fingendi</strong></span> <span class='ocrx_word' id='word_1_4' title='bbox 1037 370 1293 447; x_wconf 60' lang='lat' dir='ltr'><strong>radica,</strong></span> <span class='ocrx_word' id='word_1_5' title='bbox 1359 392 1523 454; x_wconf 90' lang='lat' dir='ltr'><strong>quae</strong></span> <span class='ocrx_word' id='word_1_6' title='bbox 1590 383 1931 446; x_wconf 87' lang='lat' dir='ltr'><strong>vocantur,</strong></span> <span class='ocrx_word' id='word_1_7' title='bbox 1999 370 2244 433; x_wconf 91' lang='lat' dir='ltr'><strong>sensim</strong></span> <span class='ocrx_word' id='word_1_8' title='bbox 2309 369 2508 454; x_wconf 90' lang='lat' dir='ltr'><strong>idque</strong></span> <span class='ocrx_word' id='word_1_9' title='bbox 2568 369 2698 433; x_wconf 89' lang='lat' dir='ltr'><strong>iam</strong></span> 
     </span>
     <span class='ocr_line' id='line_1_3' title="bbox 407 469 2698 555; baseline 0 -20"><span class='ocrx_word' id='word_1_10' title='bbox 407 470 878 555; x_wconf 80' lang='lat' dir='ltr'><strong>antiquissimis</strong></span> <span class='ocrx_word' id='word_1_11' title='bbox 944 470 1355 555; x_wconf 79' lang='lat' dir='ltr'><strong>temporibus</strong></span> <span class='ocrx_word' id='word_1_12' title='bbox 1423 469 1739 534; x_wconf 88' lang='lat' dir='ltr'><strong>amisisse.</strong></span> <span class='ocrx_word' id='word_1_13' title='bbox 1846 469 2058 548; x_wconf 82' lang='lat' dir='ltr'><strong>Quare</strong></span> <span class='ocrx_word' id='word_1_14' title='bbox 2126 493 2329 555; x_wconf 89' lang='lat' dir='ltr'><strong>quum</strong></span> <span class='ocrx_word' id='word_1_15' title='bbox 2394 469 2698 535; x_wconf 88' lang='lat' dir='ltr'><strong>homines</strong></span> 
     </span>
     <span class='ocr_line' id='line_1_4' title="bbox 407 569 2698 657; baseline 0 -22"><span class='ocrx_word' id='word_1_16' title='bbox 407 595 612 635; x_wconf 90' lang='lat' dir='ltr'><strong>novas</strong></span> <span class='ocrx_word' id='word_1_17' title='bbox 657 571 968 634; x_wconf 93' lang='lat' dir='ltr'><strong>notiones</strong></span> <span class='ocrx_word' id='word_1_18' title='bbox 1011 570 1408 647; x_wconf 78' lang='lat' dir='ltr'><strong>invenirent,</strong></span> <span class='ocrx_word' id='word_1_19' title='bbox 1455 593 1613 656; x_wconf 90' lang='lat' dir='ltr'><strong>quas</strong></span> <span class='ocrx_word' id='word_1_20' title='bbox 1662 571 1741 634; x_wconf 90' lang='lat' dir='ltr'><strong>ad</strong></span> <span class='ocrx_word' id='word_1_21' title='bbox 1781 569 2245 657; x_wconf 85' lang='lat' dir='ltr'><strong>significandas</strong></span> <span class='ocrx_word' id='word_1_22' title='bbox 2277 571 2476 634; x_wconf 87' lang='lat' dir='ltr'><strong>etiam</strong></span> <span class='ocrx_word' id='word_1_23' title='bbox 2505 572 2698 635; x_wconf 89' lang='lat' dir='ltr'><strong>novis</strong></span> 
     </span>
     <span class='ocr_line' id='line_1_5' title="bbox 406 670 2699 757; baseline 0.001 -24"><span class='ocrx_word' id='word_1_24' title='bbox 406 671 746 736; x_wconf 90' lang='lat' dir='ltr'><strong>vocabulis</strong></span> <span class='ocrx_word' id='word_1_25' title='bbox 817 694 982 756; x_wconf 90' lang='lat' dir='ltr'><strong>opus</strong></span> <span class='ocrx_word' id='word_1_26' title='bbox 1028 684 1207 746; x_wconf 88' lang='lat' dir='ltr'><strong>erat,</strong></span> <span class='ocrx_word' id='word_1_27' title='bbox 1275 670 1525 757; x_wconf 85' lang='lat' dir='ltr'><strong>duplici</strong></span> <span class='ocrx_word' id='word_1_28' title='bbox 1592 671 1846 735; x_wconf 89' lang='lat' dir='ltr'><strong>ratione</strong></span> <span class='ocrx_word' id='word_1_29' title='bbox 1915 672 2214 757; x_wconf 84' lang='lat' dir='ltr'><strong>agebant.</strong></span> <span class='ocrx_word' id='word_1_30' title='bbox 2303 672 2444 734; x_wconf 91' lang='lat' dir='ltr'><strong>Aut</strong></span> <span class='ocrx_word' id='word_1_31' title='bbox 2488 694 2573 735; x_wconf 83' lang='lat' dir='ltr'><strong>ex</strong></span> <span class='ocrx_word' id='word_1_32' title='bbox 2616 671 2699 736; x_wconf 92' lang='lat' dir='ltr'><strong>iis</strong></span> 
     </span>
     <span class='ocr_line' id='line_1_6' title="bbox 404 771 2702 857; baseline -0 -21"><span class='ocrx_word' id='word_1_33' title='bbox 404 772 756 851; x_wconf 80' lang='lat' dir='ltr'><strong>radicibus,</strong></span> <span class='ocrx_word' id='word_1_34' title='bbox 824 794 988 856; x_wconf 89' lang='lat' dir='ltr'><strong>quae</strong></span> <span class='ocrx_word' id='word_1_35' title='bbox 1063 784 1268 849; x_wconf 87' lang='lat' dir='ltr'><strong>erant,</strong></span> <span class='ocrx_word' id='word_1_36' title='bbox 1355 771 1786 836; x_wconf 82' lang='lat' dir='ltr'><strong>derivatione</strong></span> <span class='ocrx_word' id='word_1_37' title='bbox 1835 785 1902 835; x_wconf 92' lang='lat' dir='ltr'><strong>et</strong></span> <span class='ocrx_word' id='word_1_38' title='bbox 1967 771 2452 857; x_wconf 83' lang='lat' dir='ltr'><strong>compositione</strong></span> <span class='ocrx_word' id='word_1_39' title='bbox 2526 794 2702 835; x_wconf 90' lang='lat' dir='ltr'><strong>nova</strong></span> 
     </span>
     <span class='ocr_line' id='line_1_7' title="bbox 405 863 2700 958; baseline -0 -23"><span class='ocrx_word' id='word_1_40' title='bbox 405 873 730 937; x_wconf 86' lang='lat' dir='ltr'><strong>vocabula</strong></span> <span class='ocrx_word' id='word_1_41' title='bbox 794 871 1204 949; x_wconf 83' lang='lat' dir='ltr'><strong>efficiebant3</strong></span> <span class='ocrx_word' id='word_1_42' title='bbox 1264 885 1378 936; x_wconf 87' lang='lat' dir='ltr'><strong>aut</strong></span> <span class='ocrx_word' id='word_1_43' title='bbox 1421 872 1743 935; x_wconf 88' lang='lat' dir='ltr'><strong>vocabula</strong></span> <span class='ocrx_word' id='word_1_44' title='bbox 1786 872 2044 958; x_wconf 88' lang='lat' dir='ltr'><strong>integra</strong></span> <span class='ocrx_word' id='word_1_45' title='bbox 2087 895 2206 958; x_wconf 89' lang='lat' dir='ltr'><strong>per</strong></span> <span class='ocrx_word' id='word_1_46' title='bbox 2250 863 2700 958; x_wconf 76' lang='lat' dir='ltr'><strong>metaphoram</strong></span> 
     </span>
     <span class='ocr_line' id='line_1_8' title="bbox 409 972 2701 1060; baseline -0 -24"><span class='ocrx_word' id='word_1_47' title='bbox 409 997 494 1036; x_wconf 82' lang='lat' dir='ltr'><strong>ex</strong></span> <span class='ocrx_word' id='word_1_48' title='bbox 537 973 822 1060; x_wconf 88' lang='lat' dir='ltr'><strong>propriis</strong></span> <span class='ocrx_word' id='word_1_49' title='bbox 866 973 937 1035; x_wconf 93' lang='lat' dir='ltr'><strong>in</strong></span> <span class='ocrx_word' id='word_1_50' title='bbox 983 973 1138 1035; x_wconf 91' lang='lat' dir='ltr'><strong>alias</strong></span> <span class='ocrx_word' id='word_1_51' title='bbox 1171 972 1693 1059; x_wconf 88' lang='lat' dir='ltr'><strong>significationes</strong></span> <span class='ocrx_word' id='word_1_52' title='bbox 1722 973 2225 1036; x_wconf 82' lang='lat' dir='ltr'><strong>transferebant.</strong></span> <span class='ocrx_word' id='word_1_53' title='bbox 2285 972 2464 1051; x_wconf 82' lang='lat' dir='ltr'><strong>Quae</strong></span> <span class='ocrx_word' id='word_1_54' title='bbox 2498 995 2701 1058; x_wconf 90' lang='lat' dir='ltr'><strong>quum</strong></span> 
     </span>
     <span class='ocr_line' id='line_1_9' title="bbox 407 1071 2699 1159; baseline 0 -22"><span class='ocrx_word' id='word_1_55' title='bbox 407 1074 791 1159; x_wconf 88' lang='lat' dir='ltr'><strong>frequenter</strong></span> <span class='ocrx_word' id='word_1_56' title='bbox 832 1074 924 1137; x_wconf 86' lang='lat' dir='ltr'><strong>ita</strong></span> <span class='ocrx_word' id='word_1_57' title='bbox 968 1073 1280 1153; x_wconf 73' lang='lat' dir='ltr'><strong>translate</strong></span> <span class='ocrx_word' id='word_1_58' title='bbox 1327 1071 1618 1136; x_wconf 89' lang='lat' dir='ltr'><strong>adhibita</strong></span> <span class='ocrx_word' id='word_1_59' title='bbox 1664 1073 1849 1158; x_wconf 87' lang='lat' dir='ltr'><strong>quasi</strong></span> <span class='ocrx_word' id='word_1_60' title='bbox 1894 1097 2019 1137; x_wconf 90' lang='lat' dir='ltr'><strong>usu</strong></span> <span class='ocrx_word' id='word_1_61' title='bbox 2046 1072 2200 1137; x_wconf 90' lang='lat' dir='ltr'><strong>trita</strong></span> <span class='ocrx_word' id='word_1_62' title='bbox 2230 1086 2471 1150; x_wconf 90' lang='lat' dir='ltr'><strong>essent,</strong></span> <span class='ocrx_word' id='word_1_63' title='bbox 2505 1096 2699 1159; x_wconf 87' lang='lat' dir='ltr'><strong>saepe</strong></span> 
     </span>
     <span class='ocr_line' id='line_1_10' title="bbox 406 1174 2702 1260; baseline -0 -23"><span class='ocrx_word' id='word_1_64' title='bbox 406 1175 656 1239; x_wconf 84' lang='lat' dir='ltr'><strong>factum</strong></span> <span class='ocrx_word' id='word_1_65' title='bbox 702 1187 820 1251; x_wconf 88' lang='lat' dir='ltr'><strong>est,</strong></span> <span class='ocrx_word' id='word_1_66' title='bbox 867 1187 941 1238; x_wconf 91' lang='lat' dir='ltr'><strong>ut</strong></span> <span class='ocrx_word' id='word_1_67' title='bbox 970 1174 1277 1260; x_wconf 90' lang='lat' dir='ltr'><strong>primaria</strong></span> <span class='ocrx_word' id='word_1_68' title='bbox 1312 1174 1411 1237; x_wconf 91' lang='lat' dir='ltr'><strong>vis</strong></span> <span class='ocrx_word' id='word_1_69' title='bbox 1446 1174 1905 1238; x_wconf 89' lang='lat' dir='ltr'><strong>obscuraretur</strong></span> <span class='ocrx_word' id='word_1_70' title='bbox 1936 1187 2003 1237; x_wconf 90' lang='lat' dir='ltr'><strong>et</strong></span> <span class='ocrx_word' id='word_1_71' title='bbox 2034 1174 2419 1237; x_wconf 89' lang='lat' dir='ltr'><strong>secundaria</strong></span> <span class='ocrx_word' id='word_1_72' title='bbox 2444 1187 2702 1238; x_wconf 87' lang='lat' dir='ltr'><strong>tantum</strong></span> 
     </span>
     <span class='ocr_line' id='line_1_11' title="bbox 409 1273 2701 1361; baseline 0 -23"><span class='ocrx_word' id='word_1_73' title='bbox 409 1300 484 1340; x_wconf 89' lang='lat' dir='ltr'><strong>ac</strong></span> <span class='ocrx_word' id='word_1_74' title='bbox 528 1276 841 1340; x_wconf 87' lang='lat' dir='ltr'><strong>translata</strong></span> <span class='ocrx_word' id='word_1_75' title='bbox 884 1275 954 1338; x_wconf 90' lang='lat' dir='ltr'><strong>in</strong></span> <span class='ocrx_word' id='word_1_76' title='bbox 998 1275 1081 1338; x_wconf 91' lang='lat' dir='ltr'><strong>iis</strong></span> <span class='ocrx_word' id='word_1_77' title='bbox 1129 1274 1549 1361; x_wconf 85' lang='lat' dir='ltr'><strong>cogitaretur.</strong></span> <span class='ocrx_word' id='word_1_78' title='bbox 1636 1274 1979 1338; x_wconf 89' lang='lat' dir='ltr'><strong>Interdum</strong></span> <span class='ocrx_word' id='word_1_79' title='bbox 2023 1274 2332 1361; x_wconf 91' lang='lat' dir='ltr'><strong>primaria</strong></span> <span class='ocrx_word' id='word_1_80' title='bbox 2373 1273 2472 1338; x_wconf 91' lang='lat' dir='ltr'><strong>vis</strong></span> <span class='ocrx_word' id='word_1_81' title='bbox 2506 1275 2701 1360; x_wconf 90' lang='lat' dir='ltr'><strong>plane</strong></span> 
     </span>
     <span class='ocr_line' id='line_1_12' title="bbox 410 1374 2705 1460; baseline -0 -21"><span class='ocrx_word' id='word_1_82' title='bbox 410 1377 706 1452; x_wconf 82' lang='lat' dir='ltr'><strong>evanuit3</strong></span> <span class='ocrx_word' id='word_1_83' title='bbox 776 1376 1034 1460; x_wconf 91' lang='lat' dir='ltr'><strong>saepius</strong></span> <span class='ocrx_word' id='word_1_84' title='bbox 1096 1376 1296 1438; x_wconf 89' lang='lat' dir='ltr'><strong>etiam</strong></span> <span class='ocrx_word' id='word_1_85' title='bbox 1362 1387 1637 1460; x_wconf 89' lang='lat' dir='ltr'><strong>utraque</strong></span> <span class='ocrx_word' id='word_1_86' title='bbox 1704 1375 1804 1438; x_wconf 91' lang='lat' dir='ltr'><strong>vis</strong></span> <span class='ocrx_word' id='word_1_87' title='bbox 1871 1375 2068 1439; x_wconf 88' lang='lat' dir='ltr'><strong>simul</strong></span> <span class='ocrx_word' id='word_1_88' title='bbox 2124 1374 2194 1437; x_wconf 91' lang='lat' dir='ltr'><strong>in</strong></span> <span class='ocrx_word' id='word_1_89' title='bbox 2240 1399 2362 1439; x_wconf 92' lang='lat' dir='ltr'><strong>usu</strong></span> <span class='ocrx_word' id='word_1_90' title='bbox 2410 1390 2567 1452; x_wconf 91' lang='lat' dir='ltr'><strong>erat,</strong></span> <span class='ocrx_word' id='word_1_91' title='bbox 2611 1375 2705 1439; x_wconf 92' lang='lat' dir='ltr'><strong>ita</strong></span> 
     </span>
     <span class='ocr_line' id='line_1_13' title="bbox 408 1475 2703 1561; baseline -0.001 -21"><span class='ocrx_word' id='word_1_92' title='bbox 408 1490 648 1554; x_wconf 86' lang='lat' dir='ltr'><strong>tamen,</strong></span> <span class='ocrx_word' id='word_1_93' title='bbox 694 1490 769 1541; x_wconf 92' lang='lat' dir='ltr'><strong>ut</strong></span> <span class='ocrx_word' id='word_1_94' title='bbox 808 1477 1181 1561; x_wconf 88' lang='lat' dir='ltr'><strong>loquentes,</strong></span> <span class='ocrx_word' id='word_1_95' title='bbox 1227 1488 1372 1539; x_wconf 88' lang='lat' dir='ltr'><strong>utra</strong></span> <span class='ocrx_word' id='word_1_96' title='bbox 1416 1499 1641 1539; x_wconf 88' lang='lat' dir='ltr'><strong>earum</strong></span> <span class='ocrx_word' id='word_1_97' title='bbox 1679 1489 1854 1539; x_wconf 90' lang='lat' dir='ltr'><strong>esset</strong></span> <span class='ocrx_word' id='word_1_98' title='bbox 1881 1475 2166 1561; x_wconf 92' lang='lat' dir='ltr'><strong>propria,</strong></span> <span class='ocrx_word' id='word_1_99' title='bbox 2197 1489 2342 1539; x_wconf 90' lang='lat' dir='ltr'><strong>utra</strong></span> <span class='ocrx_word' id='word_1_100' title='bbox 2371 1476 2703 1554; x_wconf 88' lang='lat' dir='ltr'><strong>translata,</strong></span> 
     </span>
     <span class='ocr_line' id='line_1_14' title="bbox 409 1576 2703 1662; baseline -0 -22"><span class='ocrx_word' id='word_1_101' title='bbox 409 1601 548 1640; x_wconf 92' lang='lat' dir='ltr'><strong>non</strong></span> <span class='ocrx_word' id='word_1_102' title='bbox 585 1579 722 1662; x_wconf 87' lang='lat' dir='ltr'><strong>jam</strong></span> <span class='ocrx_word' id='word_1_103' title='bbox 788 1577 1112 1641; x_wconf 88' lang='lat' dir='ltr'><strong>sentirent</strong></span> <span class='ocrx_word' id='word_1_104' title='bbox 1174 1599 1411 1661; x_wconf 90' lang='lat' dir='ltr'><strong>neque,</strong></span> <span class='ocrx_word' id='word_1_105' title='bbox 1459 1600 1662 1661; x_wconf 92' lang='lat' dir='ltr'><strong>quum</strong></span> <span class='ocrx_word' id='word_1_106' title='bbox 1705 1576 1829 1639; x_wconf 89' lang='lat' dir='ltr'><strong>hac</strong></span> <span class='ocrx_word' id='word_1_107' title='bbox 1873 1589 2233 1653; x_wconf 88' lang='lat' dir='ltr'><strong>uterentur,</strong></span> <span class='ocrx_word' id='word_1_108' title='bbox 2280 1577 2477 1640; x_wconf 88' lang='lat' dir='ltr'><strong>etiam</strong></span> <span class='ocrx_word' id='word_1_109' title='bbox 2522 1577 2703 1639; x_wconf 90' lang='lat' dir='ltr'><strong>illam</strong></span> 
     </span>
     <span class='ocr_line' id='line_1_15' title="bbox 410 1676 2707 1761; baseline -0 -21"><span class='ocrx_word' id='word_1_110' title='bbox 410 1678 483 1740; x_wconf 92' lang='lat' dir='ltr'><strong>in</strong></span> <span class='ocrx_word' id='word_1_111' title='bbox 527 1678 743 1741; x_wconf 91' lang='lat' dir='ltr'><strong>animo</strong></span> <span class='ocrx_word' id='word_1_112' title='bbox 775 1677 1114 1742; x_wconf 87' lang='lat' dir='ltr'><strong>haberent.</strong></span> <span class='ocrx_word' id='word_1_113' title='bbox 1203 1677 1414 1756; x_wconf 82' lang='lat' dir='ltr'><strong>Quare</strong></span> <span class='ocrx_word' id='word_1_114' title='bbox 1444 1677 1830 1761; x_wconf 84' lang='lat' dir='ltr'><strong>hujusmodi</strong></span> <span class='ocrx_word' id='word_1_115' title='bbox 1856 1677 2178 1741; x_wconf 88' lang='lat' dir='ltr'><strong>vocabula</strong></span> <span class='ocrx_word' id='word_1_116' title='bbox 2206 1677 2424 1740; x_wconf 90' lang='lat' dir='ltr'><strong>numis</strong></span> <span class='ocrx_word' id='word_1_117' title='bbox 2467 1676 2707 1740; x_wconf 86' lang='lat' dir='ltr'><strong>similia</strong></span> 
     </span>
     <span class='ocr_line' id='line_1_16' title="bbox 416 1777 2702 1864; baseline -0 -23"><span class='ocrx_word' id='word_1_118' title='bbox 416 1792 586 1856; x_wconf 93' lang='lat' dir='ltr'><strong>sunt,</strong></span> <span class='ocrx_word' id='word_1_119' title='bbox 633 1802 911 1864; x_wconf 92' lang='lat' dir='ltr'><strong>quorum</strong></span> <span class='ocrx_word' id='word_1_120' title='bbox 950 1792 1109 1842; x_wconf 88' lang='lat' dir='ltr'><strong>nota</strong></span> <span class='ocrx_word' id='word_1_121' title='bbox 1149 1802 1274 1842; x_wconf 91' lang='lat' dir='ltr'><strong>usu</strong></span> <span class='ocrx_word' id='word_1_122' title='bbox 1312 1777 1403 1841; x_wconf 87' lang='lat' dir='ltr'><strong>ita</strong></span> <span class='ocrx_word' id='word_1_123' title='bbox 1435 1778 1719 1841; x_wconf 88' lang='lat' dir='ltr'><strong>contrita</strong></span> <span class='ocrx_word' id='word_1_124' title='bbox 1750 1790 1868 1854; x_wconf 87' lang='lat' dir='ltr'><strong>est,</strong></span> <span class='ocrx_word' id='word_1_125' title='bbox 1899 1790 1974 1841; x_wconf 91' lang='lat' dir='ltr'><strong>ut</strong></span> <span class='ocrx_word' id='word_1_126' title='bbox 2004 1777 2275 1863; x_wconf 85' lang='lat' dir='ltr'><strong>agnosci</strong></span> <span class='ocrx_word' id='word_1_127' title='bbox 2305 1800 2442 1840; x_wconf 94' lang='lat' dir='ltr'><strong>non</strong></span> <span class='ocrx_word' id='word_1_128' title='bbox 2472 1777 2702 1863; x_wconf 90' lang='lat' dir='ltr'><strong>possit,</strong></span> 
     </span>
     <span class='ocr_line' id='line_1_17' title="bbox 415 1877 2704 1962; baseline -0.001 -20"><span class='ocrx_word' id='word_1_129' title='bbox 415 1879 531 1942; x_wconf 90' lang='lat' dir='ltr'><strong>sed</strong></span> <span class='ocrx_word' id='word_1_130' title='bbox 595 1893 817 1943; x_wconf 87' lang='lat' dir='ltr'><strong>tamen</strong></span> <span class='ocrx_word' id='word_1_131' title='bbox 883 1880 954 1942; x_wconf 93' lang='lat' dir='ltr'><strong>in</strong></span> <span class='ocrx_word' id='word_1_132' title='bbox 1009 1879 1407 1943; x_wconf 91' lang='lat' dir='ltr'><strong>commercio</strong></span> <span class='ocrx_word' id='word_1_133' title='bbox 1475 1878 1823 1941; x_wconf 89' lang='lat' dir='ltr'><strong>hominum</strong></span> <span class='ocrx_word' id='word_1_134' title='bbox 1888 1891 2249 1942; x_wconf 88' lang='lat' dir='ltr'><strong>versantur.</strong></span> <span class='ocrx_word' id='word_1_135' title='bbox 2346 1877 2437 1941; x_wconf 87' lang='lat' dir='ltr'><strong>Et</strong></span> <span class='ocrx_word' id='word_1_136' title='bbox 2502 1901 2704 1962; x_wconf 91' lang='lat' dir='ltr'><strong>quum</strong></span> 
     </span>
     <span class='ocr_line' id='line_1_18' title="bbox 411 1978 2707 2071; baseline -0 -28"><span class='ocrx_word' id='word_1_137' title='bbox 411 1979 758 2043; x_wconf 91' lang='lat' dir='ltr'><strong>hominum</strong></span> <span class='ocrx_word' id='word_1_138' title='bbox 799 1980 1143 2071; x_wconf 67' lang='lat' dir='ltr'><strong>proprium</strong></span> <span class='ocrx_word' id='word_1_139' title='bbox 1189 1979 1275 2043; x_wconf 88' lang='lat' dir='ltr'><strong>sit</strong></span> <span class='ocrx_word' id='word_1_140' title='bbox 1319 2002 1396 2042; x_wconf 88' lang='lat' dir='ltr'><strong>ea</strong></span> <span class='ocrx_word' id='word_1_141' title='bbox 1450 1979 1631 2065; x_wconf 91' lang='lat' dir='ltr'><strong>prius</strong></span> <span class='ocrx_word' id='word_1_142' title='bbox 1678 1979 1897 2043; x_wconf 90' lang='lat' dir='ltr'><strong>animo</strong></span> <span class='ocrx_word' id='word_1_143' title='bbox 1944 1978 2304 2065; x_wconf 90' lang='lat' dir='ltr'><strong>percipere,</strong></span> <span class='ocrx_word' id='word_1_144' title='bbox 2352 2001 2514 2063; x_wconf 90' lang='lat' dir='ltr'><strong>quae</strong></span> <span class='ocrx_word' id='word_1_145' title='bbox 2562 2001 2707 2042; x_wconf 88' lang='lat' dir='ltr'><strong>sen-</strong></span> 
     </span>
     <span class='ocr_line' id='line_1_19' title="bbox 413 2079 2709 2167; baseline -0.001 -22"><span class='ocrx_word' id='word_1_146' title='bbox 413 2081 613 2159; x_wconf 87' lang='lat' dir='ltr'><strong>sibus,</strong></span> <span class='ocrx_word' id='word_1_147' title='bbox 660 2104 854 2167; x_wconf 89' lang='lat' dir='ltr'><strong>quam</strong></span> <span class='ocrx_word' id='word_1_148' title='bbox 900 2104 994 2156; x_wconf 93' lang='lat' dir='ltr'><strong>ea,</strong></span> <span class='ocrx_word' id='word_1_149' title='bbox 1040 2103 1207 2165; x_wconf 91' lang='lat' dir='ltr'><strong>quae</strong></span> <span class='ocrx_word' id='word_1_150' title='bbox 1254 2081 1395 2145; x_wconf 88' lang='lat' dir='ltr'><strong>sola</strong></span> <span class='ocrx_word' id='word_1_151' title='bbox 1439 2093 1660 2143; x_wconf 90' lang='lat' dir='ltr'><strong>mente</strong></span> <span class='ocrx_word' id='word_1_152' title='bbox 1706 2080 2173 2166; x_wconf 88' lang='lat' dir='ltr'><strong>percipiantur,</strong></span> <span class='ocrx_word' id='word_1_153' title='bbox 2218 2102 2355 2142; x_wconf 94' lang='lat' dir='ltr'><strong>non</strong></span> <span class='ocrx_word' id='word_1_154' title='bbox 2388 2092 2489 2143; x_wconf 91' lang='lat' dir='ltr'><strong>est</strong></span> <span class='ocrx_word' id='word_1_155' title='bbox 2523 2079 2709 2144; x_wconf 87' lang='lat' dir='ltr'><strong>dubi-</strong></span> 
     </span>
     <span class='ocr_line' id='line_1_20' title="bbox 410 2180 2708 2267; baseline -0.001 -22"><span class='ocrx_word' id='word_1_156' title='bbox 410 2182 704 2261; x_wconf 88' lang='lat' dir='ltr'><strong>tandum,</strong></span> <span class='ocrx_word' id='word_1_157' title='bbox 776 2182 936 2267; x_wconf 90' lang='lat' dir='ltr'><strong>quin</strong></span> <span class='ocrx_word' id='word_1_158' title='bbox 989 2182 1242 2245; x_wconf 88' lang='lat' dir='ltr'><strong>radices</strong></span> <span class='ocrx_word' id='word_1_159' title='bbox 1308 2180 1784 2244; x_wconf 88' lang='lat' dir='ltr'><strong>vocabulorum</strong></span> <span class='ocrx_word' id='word_1_160' title='bbox 1856 2194 1924 2244; x_wconf 91' lang='lat' dir='ltr'><strong>et</strong></span> <span class='ocrx_word' id='word_1_161' title='bbox 1977 2203 2089 2243; x_wconf 90' lang='lat' dir='ltr'><strong>eae</strong></span> <span class='ocrx_word' id='word_1_162' title='bbox 2134 2203 2356 2257; x_wconf 88' lang='lat' dir='ltr'><strong>voces,</strong></span> <span class='ocrx_word' id='word_1_163' title='bbox 2409 2203 2574 2265; x_wconf 89' lang='lat' dir='ltr'><strong>quae</strong></span> <span class='ocrx_word' id='word_1_164' title='bbox 2621 2203 2708 2243; x_wconf 81' lang='lat' dir='ltr'><strong>ex</strong></span> 
     </span>
     <span class='ocr_line' id='line_1_21' title="bbox 410 2280 2710 2369; baseline 0.001 -25"><span class='ocrx_word' id='word_1_165' title='bbox 410 2283 490 2347; x_wconf 91' lang='lat' dir='ltr'><strong>iis</strong></span> <span class='ocrx_word' id='word_1_166' title='bbox 537 2283 786 2369; x_wconf 87' lang='lat' dir='ltr'><strong>primae</strong></span> <span class='ocrx_word' id='word_1_167' title='bbox 855 2282 1270 2357; x_wconf 89' lang='lat' dir='ltr'><strong>ducerentur,</strong></span> <span class='ocrx_word' id='word_1_168' title='bbox 1341 2292 1572 2345; x_wconf 87' lang='lat' dir='ltr'><strong>omnes</strong></span> <span class='ocrx_word' id='word_1_169' title='bbox 1635 2280 1718 2344; x_wconf 88' lang='lat' dir='ltr'><strong>ad</strong></span> <span class='ocrx_word' id='word_1_170' title='bbox 1761 2304 1968 2344; x_wconf 91' lang='lat' dir='ltr'><strong>unum</strong></span> <span class='ocrx_word' id='word_1_171' title='bbox 2013 2281 2096 2344; x_wconf 87' lang='lat' dir='ltr'><strong>ad</strong></span> <span class='ocrx_word' id='word_1_172' title='bbox 2137 2303 2241 2344; x_wconf 89' lang='lat' dir='ltr'><strong>res</strong></span> <span class='ocrx_word' id='word_1_173' title='bbox 2288 2293 2594 2345; x_wconf 85' lang='lat' dir='ltr'><strong>externas</strong></span> <span class='ocrx_word' id='word_1_174' title='bbox 2641 2294 2710 2346; x_wconf 88' lang='lat' dir='ltr'><strong>et</strong></span> 
     </span>
     <span class='ocr_line' id='line_1_22' title="bbox 413 2381 2710 2469; baseline 0 -23"><span class='ocrx_word' id='word_1_175' title='bbox 413 2406 764 2469; x_wconf 83' lang='lat' dir='ltr'><strong>corporeas</strong></span> <span class='ocrx_word' id='word_1_176' title='bbox 830 2382 1291 2468; x_wconf 83' lang='lat' dir='ltr'><strong>pertinuerint.</strong></span> <span class='ocrx_word' id='word_1_177' title='bbox 1379 2381 1640 2445; x_wconf 89' lang='lat' dir='ltr'><strong>Deinde</strong></span> <span class='ocrx_word' id='word_1_178' title='bbox 1709 2405 1910 2466; x_wconf 92' lang='lat' dir='ltr'><strong>quum</strong></span> <span class='ocrx_word' id='word_1_179' title='bbox 1977 2382 2060 2445; x_wconf 92' lang='lat' dir='ltr'><strong>ad</strong></span> <span class='ocrx_word' id='word_1_180' title='bbox 2126 2405 2278 2444; x_wconf 88' lang='lat' dir='ltr'><strong>eum</strong></span> <span class='ocrx_word' id='word_1_181' title='bbox 2345 2381 2596 2445; x_wconf 91' lang='lat' dir='ltr'><strong>cultum</strong></span> <span class='ocrx_word' id='word_1_182' title='bbox 2640 2393 2710 2446; x_wconf 86' lang='lat' dir='ltr'><strong>et</strong></span> 
     </span>
     <span class='ocr_line' id='line_1_23' title="bbox 411 2481 2706 2568; baseline 0 -23"><span class='ocrx_word' id='word_1_183' title='bbox 411 2482 888 2547; x_wconf 86' lang='lat' dir='ltr'><strong>humanitatem</strong></span> <span class='ocrx_word' id='word_1_184' title='bbox 933 2483 1266 2568; x_wconf 87' lang='lat' dir='ltr'><strong>progressi</strong></span> <span class='ocrx_word' id='word_1_185' title='bbox 1323 2495 1563 2561; x_wconf 86' lang='lat' dir='ltr'><strong>essent,</strong></span> <span class='ocrx_word' id='word_1_186' title='bbox 1608 2495 1684 2546; x_wconf 89' lang='lat' dir='ltr'><strong>ut</strong></span> <span class='ocrx_word' id='word_1_187' title='bbox 1727 2482 1926 2546; x_wconf 90' lang='lat' dir='ltr'><strong>etiam</strong></span> <span class='ocrx_word' id='word_1_188' title='bbox 1969 2481 2277 2545; x_wconf 84' lang='lat' dir='ltr'><strong>notiones</strong></span> <span class='ocrx_word' id='word_1_189' title='bbox 2324 2505 2360 2545; x_wconf 88' lang='lat' dir='ltr'><strong>a</strong></span> <span class='ocrx_word' id='word_1_190' title='bbox 2405 2481 2706 2546; x_wconf 89' lang='lat' dir='ltr'><strong>sensibus</strong></span> 
     </span>
     <span class='ocr_line' id='line_1_24' title="bbox 416 2576 2709 2668; baseline 0 -22"><span class='ocrx_word' id='word_1_191' title='bbox 416 2595 752 2646; x_wconf 89' lang='lat' dir='ltr'><strong>sevocatas</strong></span> <span class='ocrx_word' id='word_1_192' title='bbox 820 2582 1129 2667; x_wconf 87' lang='lat' dir='ltr'><strong>amplecti</strong></span> <span class='ocrx_word' id='word_1_193' title='bbox 1192 2582 1582 2668; x_wconf 89' lang='lat' dir='ltr'><strong>inciperent,</strong></span> <span class='ocrx_word' id='word_1_194' title='bbox 1649 2582 1731 2645; x_wconf 90' lang='lat' dir='ltr'><strong>ad</strong></span> <span class='ocrx_word' id='word_1_195' title='bbox 1794 2582 1909 2646; x_wconf 90' lang='lat' dir='ltr'><strong>has</strong></span> <span class='ocrx_word' id='word_1_196' title='bbox 1966 2582 2238 2646; x_wconf 86' lang='lat' dir='ltr'><strong>nomina</strong></span> <span class='ocrx_word' id='word_1_197' title='bbox 2280 2581 2629 2646; x_wconf 89' lang='lat' dir='ltr'><strong>trahebant</strong></span> <span class='ocrx_word' id='word_1_198' title='bbox 2672 2576 2709 2646; x_wconf 80' lang='lat' dir='ltr'><strong>a</strong></span> 
     </span>
     <span class='ocr_line' id='line_1_25' title="bbox 416 2682 2705 2768; baseline 0 -23"><span class='ocrx_word' id='word_1_199' title='bbox 416 2683 610 2746; x_wconf 91' lang='lat' dir='ltr'><strong>rebus</strong></span> <span class='ocrx_word' id='word_1_200' title='bbox 678 2683 1036 2768; x_wconf 90' lang='lat' dir='ltr'><strong>corporeis,</strong></span> <span class='ocrx_word' id='word_1_201' title='bbox 1092 2705 1256 2767; x_wconf 90' lang='lat' dir='ltr'><strong>quae</strong></span> <span class='ocrx_word' id='word_1_202' title='bbox 1304 2707 1453 2747; x_wconf 92' lang='lat' dir='ltr'><strong>cum</strong></span> <span class='ocrx_word' id='word_1_203' title='bbox 1496 2683 1579 2746; x_wconf 92' lang='lat' dir='ltr'><strong>iis</strong></span> <span class='ocrx_word' id='word_1_204' title='bbox 1625 2683 2128 2747; x_wconf 90' lang='lat' dir='ltr'><strong>similitudinem</strong></span> <span class='ocrx_word' id='word_1_205' title='bbox 2175 2682 2501 2767; x_wconf 90' lang='lat' dir='ltr'><strong>quandam</strong></span> <span class='ocrx_word' id='word_1_206' title='bbox 2550 2706 2705 2768; x_wconf 90' lang='lat' dir='ltr'><strong>prae</strong></span> 
     </span>
     <span class='ocr_line' id='line_1_26' title="bbox 384 2783 2706 2870; baseline 0 -23"><span class='ocrx_word' id='word_1_207' title='bbox 384 2806 485 2847; x_wconf 52' lang='lat' dir='ltr'><strong>xse</strong></span> <span class='ocrx_word' id='word_1_208' title='bbox 530 2784 702 2847; x_wconf 84' lang='lat' dir='ltr'><strong>ferre</strong></span> <span class='ocrx_word' id='word_1_209' title='bbox 747 2784 1149 2847; x_wconf 87' lang='lat' dir='ltr'><strong>viderentur.</strong></span> <span class='ocrx_word' id='word_1_210' title='bbox 1203 2783 1380 2847; x_wconf 78' lang='lat' dir='ltr'><strong>&#39;Hac</strong></span> <span class='ocrx_word' id='word_1_211' title='bbox 1422 2784 1529 2846; x_wconf 85' lang='lat' dir='ltr'><strong>via</strong></span> <span class='ocrx_word' id='word_1_212' title='bbox 1573 2784 1832 2870; x_wconf 87' lang='lat' dir='ltr'><strong>linguas</strong></span> <span class='ocrx_word' id='word_1_213' title='bbox 1878 2783 2072 2869; x_wconf 87' lang='lat' dir='ltr'><strong>copia</strong></span> <span class='ocrx_word' id='word_1_214' title='bbox 2099 2784 2453 2859; x_wconf 80' lang='lat' dir='ltr'><strong>verborum</strong></span> <span class='ocrx_word' id='word_1_215' title='bbox 2485 2797 2706 2848; x_wconf 88' lang='lat' dir='ltr'><strong>auctas</strong></span> 
     </span>
     <span class='ocr_line' id='line_1_27' title="bbox 415 2883 2709 2970; baseline 0 -22"><span class='ocrx_word' id='word_1_216' title='bbox 415 2907 558 2949; x_wconf 88' lang='lat' dir='ltr'><strong>esse</strong></span> <span class='ocrx_word' id='word_1_217' title='bbox 604 2885 735 2947; x_wconf 91' lang='lat' dir='ltr'><strong>iam</strong></span> <span class='ocrx_word' id='word_1_218' title='bbox 778 2884 1036 2948; x_wconf 79' lang='lat' dir='ltr'><strong>veteres</strong></span> <span class='ocrx_word' id='word_1_219' title='bbox 1082 2883 1494 2948; x_wconf 79' lang='lat' dir='ltr'><strong>intellexisse</strong></span> <span class='ocrx_word' id='word_1_220' title='bbox 1540 2885 1869 2963; x_wconf 89' lang='lat' dir='ltr'><strong>videntur,</strong></span> <span class='ocrx_word' id='word_1_221' title='bbox 1918 2907 2120 2970; x_wconf 90' lang='lat' dir='ltr'><strong>quum</strong></span> <span class='ocrx_word' id='word_1_222' title='bbox 2167 2884 2464 2949; x_wconf 88' lang='lat' dir='ltr'><strong>dicerent</strong></span> <span class='ocrx_word' id='word_1_223' title='bbox 2509 2897 2709 2948; x_wconf 89' lang='lat' dir='ltr'><strong>meta-</strong></span> 
     </span>
     <span class='ocr_line' id='line_1_28' title="bbox 414 2984 2707 3072; baseline 0 -24"><span class='ocrx_word' id='word_1_224' title='bbox 414 2984 689 3072; x_wconf 90' lang='lat' dir='ltr'><strong>phoram</strong></span> <span class='ocrx_word' id='word_1_225' title='bbox 753 2985 971 3072; x_wconf 89' lang='lat' dir='ltr'><strong>primo</strong></span> <span class='ocrx_word' id='word_1_226' title='bbox 1031 2985 1441 3049; x_wconf 86' lang='lat' dir='ltr'><strong>necessitatis</strong></span> <span class='ocrx_word' id='word_1_227' title='bbox 1489 3009 1686 3049; x_wconf 87' lang='lat' dir='ltr'><strong>causa</strong></span> <span class='ocrx_word' id='word_1_228' title='bbox 1729 2985 2121 3062; x_wconf 88' lang='lat' dir='ltr'><strong>institutam,</strong></span> <span class='ocrx_word' id='word_1_229' title='bbox 2169 2985 2323 3070; x_wconf 88' lang='lat' dir='ltr'><strong>quia</strong></span> <span class='ocrx_word' id='word_1_230' title='bbox 2364 2985 2707 3049; x_wconf 87' lang='lat' dir='ltr'><strong>vocabulis</strong></span> 
     </span>
     <span class='ocr_line' id='line_1_29' title="bbox 413 3084 2707 3173; baseline 0.001 -24"><span class='ocrx_word' id='word_1_231' title='bbox 413 3086 496 3150; x_wconf 87' lang='lat' dir='ltr'><strong>ad</strong></span> <span class='ocrx_word' id='word_1_232' title='bbox 537 3110 640 3151; x_wconf 88' lang='lat' dir='ltr'><strong>res</strong></span> <span class='ocrx_word' id='word_1_233' title='bbox 685 3086 970 3173; x_wconf 90' lang='lat' dir='ltr'><strong>propriis</strong></span> <span class='ocrx_word' id='word_1_234' title='bbox 1015 3086 1399 3150; x_wconf 89' lang='lat' dir='ltr'><strong>nominibus</strong></span> <span class='ocrx_word' id='word_1_235' title='bbox 1446 3099 1743 3150; x_wconf 89' lang='lat' dir='ltr'><strong>carentes</strong></span> <span class='ocrx_word' id='word_1_236' title='bbox 1790 3084 2254 3172; x_wconf 88' lang='lat' dir='ltr'><strong>significandas</strong></span> <span class='ocrx_word' id='word_1_237' title='bbox 2303 3109 2468 3171; x_wconf 87' lang='lat' dir='ltr'><strong>opus</strong></span> <span class='ocrx_word' id='word_1_238' title='bbox 2514 3098 2707 3164; x_wconf 89' lang='lat' dir='ltr'><strong>esset,</strong></span> 
     </span>
     <span class='ocr_line' id='line_1_30' title="bbox 414 3186 2708 3273; baseline 0 -22"><span class='ocrx_word' id='word_1_239' title='bbox 414 3187 653 3251; x_wconf 87' lang='lat' dir='ltr'><strong>deinde</strong></span> <span class='ocrx_word' id='word_1_240' title='bbox 721 3188 918 3251; x_wconf 89' lang='lat' dir='ltr'><strong>etiam</strong></span> <span class='ocrx_word' id='word_1_241' title='bbox 985 3187 1066 3250; x_wconf 89' lang='lat' dir='ltr'><strong>ad</strong></span> <span class='ocrx_word' id='word_1_242' title='bbox 1133 3199 1437 3250; x_wconf 88' lang='lat' dir='ltr'><strong>ornatum</strong></span> <span class='ocrx_word' id='word_1_243' title='bbox 1483 3187 1800 3251; x_wconf 90' lang='lat' dir='ltr'><strong>orationis</strong></span> <span class='ocrx_word' id='word_1_244' title='bbox 1846 3186 2142 3250; x_wconf 87' lang='lat' dir='ltr'><strong>adhiberi</strong></span> <span class='ocrx_word' id='word_1_245' title='bbox 2186 3199 2487 3273; x_wconf 88' lang='lat' dir='ltr'><strong>coeptam</strong></span> <span class='ocrx_word' id='word_1_246' title='bbox 2526 3209 2708 3257; x_wconf 78' lang='lat' dir='ltr'><strong>esse.</strong></span> 
     </span>
     <span class='ocr_line' id='line_1_31' title="bbox 412 3287 2707 3380; baseline 0 -29"><span class='ocrx_word' id='word_1_247' title='bbox 412 3287 587 3352; x_wconf 89' lang='lat' dir='ltr'><strong>Illud</strong></span> <span class='ocrx_word' id='word_1_248' title='bbox 634 3288 899 3373; x_wconf 88' lang='lat' dir='ltr'><strong>quidem</strong></span> <span class='ocrx_word' id='word_1_249' title='bbox 946 3287 1231 3351; x_wconf 90' lang='lat' dir='ltr'><strong>dubitari</strong></span> <span class='ocrx_word' id='word_1_250' title='bbox 1273 3300 1516 3374; x_wconf 87' lang='lat' dir='ltr'><strong>potest,</strong></span> <span class='ocrx_word' id='word_1_251' title='bbox 1548 3301 1768 3352; x_wconf 91' lang='lat' dir='ltr'><strong>utrum</strong></span> <span class='ocrx_word' id='word_1_252' title='bbox 1798 3287 2008 3373; x_wconf 89' lang='lat' dir='ltr'><strong>prima</strong></span> <span class='ocrx_word' id='word_1_253' title='bbox 2039 3310 2232 3351; x_wconf 88' lang='lat' dir='ltr'><strong>causa</strong></span> <span class='ocrx_word' id='word_1_254' title='bbox 2258 3287 2707 3380; x_wconf 79' lang='lat' dir='ltr'><strong>translationis</strong></span> 
     </span>
     <span class='ocr_line' id='line_1_32' title="bbox 414 3387 2710 3473; baseline 0 -22"><span class='ocrx_word' id='word_1_255' title='bbox 414 3413 451 3451; x_wconf 88' lang='lat' dir='ltr'><strong>a</strong></span> <span class='ocrx_word' id='word_1_256' title='bbox 492 3389 610 3453; x_wconf 86' lang='lat' dir='ltr'><strong>tali</strong></span> <span class='ocrx_word' id='word_1_257' title='bbox 652 3388 1046 3452; x_wconf 90' lang='lat' dir='ltr'><strong>necessitate</strong></span> <span class='ocrx_word' id='word_1_258' title='bbox 1092 3387 1449 3473; x_wconf 90' lang='lat' dir='ltr'><strong>inopiaque</strong></span> <span class='ocrx_word' id='word_1_259' title='bbox 1495 3388 1857 3473; x_wconf 89' lang='lat' dir='ltr'><strong>repetenda</strong></span> <span class='ocrx_word' id='word_1_260' title='bbox 1906 3388 1991 3451; x_wconf 88' lang='lat' dir='ltr'><strong>sit</strong></span> <span class='ocrx_word' id='word_1_261' title='bbox 2035 3411 2116 3450; x_wconf 88' lang='lat' dir='ltr'><strong>an</strong></span> <span class='ocrx_word' id='word_1_262' title='bbox 2160 3411 2197 3450; x_wconf 86' lang='lat' dir='ltr'><strong>a</strong></span> <span class='ocrx_word' id='word_1_263' title='bbox 2238 3388 2521 3452; x_wconf 86' lang='lat' dir='ltr'><strong>naturali</strong></span> <span class='ocrx_word' id='word_1_264' title='bbox 2553 3411 2710 3473; x_wconf 91' lang='lat' dir='ltr'><strong>quo-</strong></span> 
     </span>
     <span class='ocr_line' id='line_1_33' title="bbox 416 3487 2709 3575; baseline 0 -23"><span class='ocrx_word' id='word_1_265' title='bbox 416 3490 563 3552; x_wconf 90' lang='lat' dir='ltr'><strong>dam</strong></span> <span class='ocrx_word' id='word_1_266' title='bbox 608 3489 828 3553; x_wconf 87' lang='lat' dir='ltr'><strong>studio</strong></span> <span class='ocrx_word' id='word_1_267' title='bbox 873 3511 977 3552; x_wconf 87' lang='lat' dir='ltr'><strong>res</strong></span> <span class='ocrx_word' id='word_1_268' title='bbox 1024 3488 1271 3552; x_wconf 83' lang='lat' dir='ltr'><strong>similes</strong></span> <span class='ocrx_word' id='word_1_269' title='bbox 1305 3487 1753 3574; x_wconf 88' lang='lat' dir='ltr'><strong>comparandi,</strong></span> <span class='ocrx_word' id='word_1_270' title='bbox 1800 3511 1884 3551; x_wconf 89' lang='lat' dir='ltr'><strong>ex</strong></span> <span class='ocrx_word' id='word_1_271' title='bbox 1931 3510 2061 3574; x_wconf 92' lang='lat' dir='ltr'><strong>quo</strong></span> <span class='ocrx_word' id='word_1_272' title='bbox 2097 3501 2315 3552; x_wconf 89' lang='lat' dir='ltr'><strong>cetera</strong></span> <span class='ocrx_word' id='word_1_273' title='bbox 2344 3489 2709 3575; x_wconf 90' lang='lat' dir='ltr'><strong>imaginum</strong></span> 
     </span>
     <span class='ocr_line' id='line_1_34' title="bbox 414 3588 2709 3676; baseline -0 -23"><span class='ocrx_word' id='word_1_274' title='bbox 414 3613 656 3675; x_wconf 89' lang='lat' dir='ltr'><strong>genera</strong></span> <span class='ocrx_word' id='word_1_275' title='bbox 698 3588 1001 3676; x_wconf 87' lang='lat' dir='ltr'><strong>profecta</strong></span> <span class='ocrx_word' id='word_1_276' title='bbox 1044 3603 1216 3653; x_wconf 89' lang='lat' dir='ltr'><strong>sunt.</strong></span> <span class='ocrx_word' id='word_1_277' title='bbox 1263 3589 1533 3652; x_wconf 88' lang='lat' dir='ltr'><strong>Certum</strong></span> <span class='ocrx_word' id='word_1_278' title='bbox 1563 3602 1786 3653; x_wconf 89' lang='lat' dir='ltr'><strong>tamen</strong></span> <span class='ocrx_word' id='word_1_279' title='bbox 1818 3602 1936 3666; x_wconf 89' lang='lat' dir='ltr'><strong>est,</strong></span> <span class='ocrx_word' id='word_1_280' title='bbox 1970 3588 2451 3674; x_wconf 88' lang='lat' dir='ltr'><strong>antiquioribus</strong></span> <span class='ocrx_word' id='word_1_281' title='bbox 2477 3590 2709 3654; x_wconf 90' lang='lat' dir='ltr'><strong>saltem</strong></span> 
     </span>
     <span class='ocr_line' id='line_1_35' title="bbox 415 3689 2710 3776; baseline 0 -24"><span class='ocrx_word' id='word_1_282' title='bbox 415 3691 844 3776; x_wconf 89' lang='lat' dir='ltr'><strong>temporibus,</strong></span> <span class='ocrx_word' id='word_1_283' title='bbox 911 3690 1217 3754; x_wconf 89' lang='lat' dir='ltr'><strong>homines</strong></span> <span class='ocrx_word' id='word_1_284' title='bbox 1283 3689 1637 3775; x_wconf 89' lang='lat' dir='ltr'><strong>praecipue</strong></span> <span class='ocrx_word' id='word_1_285' title='bbox 1683 3689 2155 3754; x_wconf 88' lang='lat' dir='ltr'><strong>transferendis</strong></span> <span class='ocrx_word' id='word_1_286' title='bbox 2199 3690 2542 3754; x_wconf 87' lang='lat' dir='ltr'><strong>vocabulis</strong></span> <span class='ocrx_word' id='word_1_287' title='bbox 2583 3690 2710 3755; x_wconf 90' lang='lat' dir='ltr'><strong>sibi</strong></span> 
     </span>
     <span class='ocr_line' id='line_1_36' title="bbox 417 3790 2711 3877; baseline 0 -25"><span class='ocrx_word' id='word_1_288' title='bbox 417 3791 764 3875; x_wconf 88' lang='lat' dir='ltr'><strong>paravisse,</strong></span> <span class='ocrx_word' id='word_1_289' title='bbox 833 3791 1068 3876; x_wconf 90' lang='lat' dir='ltr'><strong>quibus</strong></span> <span class='ocrx_word' id='word_1_290' title='bbox 1135 3790 1445 3854; x_wconf 89' lang='lat' dir='ltr'><strong>notiones</strong></span> <span class='ocrx_word' id='word_1_291' title='bbox 1514 3790 1844 3853; x_wconf 87' lang='lat' dir='ltr'><strong>declarare</strong></span> <span class='ocrx_word' id='word_1_292' title='bbox 1897 3803 2192 3875; x_wconf 89' lang='lat' dir='ltr'><strong>possent,</strong></span> <span class='ocrx_word' id='word_1_293' title='bbox 2239 3813 2398 3876; x_wconf 86' lang='lat' dir='ltr'><strong>quas</strong></span> <span class='ocrx_word' id='word_1_294' title='bbox 2451 3813 2711 3877; x_wconf 88' lang='lat' dir='ltr'><strong>semper</strong></span> 
     </span>
     <span class='ocr_line' id='line_1_37' title="bbox 415 3890 2708 3978; baseline 0.001 -26"><span class='ocrx_word' id='word_1_295' title='bbox 415 3913 620 3954; x_wconf 86' lang='lat' dir='ltr'><strong>novas</strong></span> <span class='ocrx_word' id='word_1_296' title='bbox 664 3891 1130 3978; x_wconf 89' lang='lat' dir='ltr'><strong>progrediente</strong></span> <span class='ocrx_word' id='word_1_297' title='bbox 1178 3891 1360 3954; x_wconf 90' lang='lat' dir='ltr'><strong>cultu</strong></span> <span class='ocrx_word' id='word_1_298' title='bbox 1404 3903 1473 3955; x_wconf 90' lang='lat' dir='ltr'><strong>et</strong></span> <span class='ocrx_word' id='word_1_299' title='bbox 1514 3890 1921 3955; x_wconf 87' lang='lat' dir='ltr'><strong>humanitate</strong></span> <span class='ocrx_word' id='word_1_300' title='bbox 1976 3891 2210 3954; x_wconf 87' lang='lat' dir='ltr'><strong>animis</strong></span> <span class='ocrx_word' id='word_1_301' title='bbox 2254 3890 2708 3955; x_wconf 88' lang='lat' dir='ltr'><strong>informarent.</strong></span> 
     </span>
     <span class='ocr_line' id='line_1_38' title="bbox 416 3990 2706 4078; baseline 0.001 -24"><span class='ocrx_word' id='word_1_302' title='bbox 416 3990 611 4068; x_wconf 91' lang='lat' dir='ltr'><strong>Quod</strong></span> <span class='ocrx_word' id='word_1_303' title='bbox 658 4015 857 4078; x_wconf 89' lang='lat' dir='ltr'><strong>quum</strong></span> <span class='ocrx_word' id='word_1_304' title='bbox 902 3992 995 4056; x_wconf 86' lang='lat' dir='ltr'><strong>ita</strong></span> <span class='ocrx_word' id='word_1_305' title='bbox 1039 3992 1143 4069; x_wconf 90' lang='lat' dir='ltr'><strong>sit,</strong></span> <span class='ocrx_word' id='word_1_306' title='bbox 1189 4015 1327 4054; x_wconf 93' lang='lat' dir='ltr'><strong>non</strong></span> <span class='ocrx_word' id='word_1_307' title='bbox 1358 3992 1597 4054; x_wconf 91' lang='lat' dir='ltr'><strong>mirum</strong></span> <span class='ocrx_word' id='word_1_308' title='bbox 1628 4004 1728 4055; x_wconf 86' lang='lat' dir='ltr'><strong>est</strong></span> <span class='ocrx_word' id='word_1_309' title='bbox 1756 4014 2293 4077; x_wconf 90' lang='lat' dir='ltr'><strong>unumquemque</strong></span> <span class='ocrx_word' id='word_1_310' title='bbox 2336 4015 2706 4056; x_wconf 88' lang='lat' dir='ltr'><strong>sermonem</strong></span> 
     </span>
     <span class='ocr_line' id='line_1_39' title="bbox 412 4091 2708 4180; baseline 0.001 -25"><span class='ocrx_word' id='word_1_311' title='bbox 412 4091 507 4156; x_wconf 86' lang='lat' dir='ltr'><strong>ita</strong></span> <span class='ocrx_word' id='word_1_312' title='bbox 549 4093 952 4180; x_wconf 86' lang='lat' dir='ltr'><strong>metaphoris</strong></span> <span class='ocrx_word' id='word_1_313' title='bbox 998 4091 1349 4170; x_wconf 88' lang='lat' dir='ltr'><strong>abundare,</strong></span> <span class='ocrx_word' id='word_1_314' title='bbox 1379 4105 1456 4155; x_wconf 90' lang='lat' dir='ltr'><strong>ut</strong></span> <span class='ocrx_word' id='word_1_315' title='bbox 1483 4114 1693 4178; x_wconf 86' lang='lat' dir='ltr'><strong>pauca</strong></span> <span class='ocrx_word' id='word_1_316' title='bbox 1719 4091 1960 4156; x_wconf 88' lang='lat' dir='ltr'><strong>habeat</strong></span> <span class='ocrx_word' id='word_1_317' title='bbox 1987 4093 2327 4169; x_wconf 87' lang='lat' dir='ltr'><strong>vocabula,</strong></span> <span class='ocrx_word' id='word_1_318' title='bbox 2356 4093 2426 4156; x_wconf 93' lang='lat' dir='ltr'><strong>in</strong></span> <span class='ocrx_word' id='word_1_319' title='bbox 2452 4093 2708 4178; x_wconf 89' lang='lat' dir='ltr'><strong>quibus,</strong></span> 
     </span>
     <span class='ocr_line' id='line_1_40' title="bbox 415 4192 2707 4280; baseline 0 -24"><span class='ocrx_word' id='word_1_320' title='bbox 415 4193 471 4256; x_wconf 88' lang='lat' dir='ltr'><strong>si</strong></span> <span class='ocrx_word' id='word_1_321' title='bbox 514 4194 598 4257; x_wconf 90' lang='lat' dir='ltr'><strong>ad</strong></span> <span class='ocrx_word' id='word_1_322' title='bbox 643 4194 971 4280; x_wconf 89' lang='lat' dir='ltr'><strong>originem</strong></span> <span class='ocrx_word' id='word_1_323' title='bbox 1018 4216 1246 4258; x_wconf 90' lang='lat' dir='ltr'><strong>eorum</strong></span> <span class='ocrx_word' id='word_1_324' title='bbox 1303 4193 1615 4270; x_wconf 90' lang='lat' dir='ltr'><strong>redimus,</strong></span> <span class='ocrx_word' id='word_1_325' title='bbox 1667 4192 1837 4256; x_wconf 91' lang='lat' dir='ltr'><strong>nihil</strong></span> <span class='ocrx_word' id='word_1_326' title='bbox 1880 4193 2268 4257; x_wconf 87' lang='lat' dir='ltr'><strong>translatum</strong></span> <span class='ocrx_word' id='word_1_327' title='bbox 2312 4193 2707 4258; x_wconf 86' lang='lat' dir='ltr'><strong>inveniatur.</strong></span> 
     </span>
    </p>
   </div>
  </div>
 </body>
</html>
