3134 4842
2560 203 2693 266 17·

593 375 832 439 Poetae
881 371 1165 436 Graecos
1210 371 1511 457 legentes
1558 392 1695 432 non
1742 368 2265 433 animadvertere
2312 392 2448 432 non
2492 391 2724 463 possu-

417 499 569 539 mus
639 498 752 539 eos
820 474 891 537 in
958 471 1357 558 imaginibus
1434 469 1825 534 adhibendis
1892 468 2102 533 multo
2170 470 2504 556 parciores
2575 492 2722 534 esse

418 600 621 662 quam
665 574 867 661 vulgo
915 573 1187 637 aliarum
1232 570 1530 658 gentium
1573 583 1824 656 poetas.
1911 569 2191 633 Veteres
2240 569 2474 634 Graeci
2521 593 2722 655 quum

424 676 814 741 omnino-id
855 675 1156 737 innatum
1203 685 1270 737 et
1306 671 1584 736 insitum
1628 670 1967 747 haberent,
2014 683 2088 735 ut
2118 671 2366 756 justam
2398 671 2724 757 quandam

419 775 971 850 mediocritatem,
1040 796 1205 859 quae
1270 772 1446 836 inter
1508 771 1789 835 nimium
1836 784 1901 835 et
1945 794 2174 854 parum
2222 785 2415 849 esset,
2462 794 2722 835 servare

418 879 689 955 scirent,
755 890 897 940 tum
940 875 1012 938 in
1059 886 1292 938 ornatu
1349 872 1663 937 orationis
1710 873 1789 936 ab
1838 872 2021 935 omni
2064 872 2574 959 intemperantia
2619 873 2726 937 ab·

418 977 799 1043 horrebant.
889 975 1032 1054 Quo
1082 987 1266 1038 erant
1307 973 1376 1036 in
1424 973 1670 1037 artibus
1718 971 2140 1037 aestimandis
2188 972 2476 1060 eleganti
2517 985 2583 1036 et
2614 996 2725 1037 ex·

421 1079 668 1165 quisito
708 1077 984 1162 judicio,
1030 1075 1176 1139 fieri
1219 1097 1355 1137 non
1399 1073 1636 1160 potuit,
1670 1073 1827 1159 quin
1858 1072 2311 1161 intelligerent
2342 1074 2537 1137 etiam
2567 1073 2726 1136 ima-

421 1180 614 1266 gines
660 1192 799 1242 tum
847 1177 1080 1254 solum,
1128 1198 1326 1261 quum
1359 1174 1593 1238 modus
1623 1173 1692 1236 in
1722 1173 1804 1237 iis
1838 1172 2277 1252 adhiberetur,
2308 1187 2720 1239 venustatem

429 1292 499 1343 et
551 1280 941 1366 dignitatem
999 1277 1280 1340 orationi
1336 1275 1609 1350 addere3
1666 1274 1938 1337 nimiam
1991 1297 2149 1338 vero
2207 1275 2463 1361 copiam
2517 1275 2727 1339 vitan-

426 1380 577 1443 dam
623 1403 788 1457 esse‚
832 1391 908 1442 ut
952 1401 1118 1463 quae
1164 1375 1359 1440 facile
1406 1375 1801 1440 sententiam
1850 1376 2229 1439 obscuraret
2260 1389 2327 1439 et
2356 1377 2725 1440 satietatem

420 1504 501 1545 ac
545 1481 837 1545 taedium
873 1479 1083 1541 multo
1115 1477 1321 1563 magis
1355 1498 1546 1561 quam
1579 1475 2089 1539 delectationem
2121 1490 2436 1540 moveret.
2512 1476 2724 1555 Quare

420 1603 659 1644 omnes
730 1601 955 1642 eorum
1012 1590 1267 1664 poetae,
1322 1577 1434 1661 qui
1478 1575 1744 1661 quidem
1792 1575 2270 1661 antiquioribus
2316 1578 2724 1664 temporibus

422 1679 763 1756 florerent,
809 1701 1054 1765 genere
1102 1677 1367 1741 dicendi
1407 1678 1765 1742 utebantur
1800 1677 2087 1763 eleganti
2118 1690 2185 1740 et
2212 1678 2512 1755 candido,
2546 1678 2722 1763 quod

421 1780 605 1843 ‘inter
647 1779 916 1842 nimiam
960 1778 1329 1842 ubertatem
1376 1790 1442 1841 et
1488 1777 1854 1841 exilitatem
1900 1778 2192 1841 medium
2242 1792 2398 1842 erat.
2486 1778 2720 1863 Neque

425 1902 514 1944 ex
593 1903 819 1942 eorum
894 1902 1168 1943 numero
1247 1901 1409 1942 meo
1476 1879 1743 1963 quidem
1801 1878 2054 1963 judicio
2122 1878 2556 1965 excipiendus
2624 1892 2725 1943 est

422 1978 820 2066 Aeschylus.
884 1980 975 2044 Iis
1021 1980 1223 2066 igitur
1253 1979 1557 2042 assentiri
1586 2002 1721 2042 non
1752 2002 2043 2065 possum,
2077 1979 2188 2064 qui
2218 1979 2722 2043 immoderatum

417 2082 784 2169 imaginum
839 2104 1033 2145 usum
1079 2080 1386 2144 dictionis
1431 2078 1846 2165 Aeschyleae
1893 2081 2228 2166 proprium
2277 2103 2419 2144 esse
2466 2081 2723 2157 dicunt3

422 2182 614 2246 valde
668 2182 888 2260 miror,
946 2205 1073 2267 quo
1111 2182 1261 2266 jure
1307 2179 1712 2266 Bernhardy,
1760 2181 2172 2245 acutissimus
2215 2181 2329 2244 ille
2378 2193 2444 2246 et
2488 2182 2726 2246 doctis-

423 2284 626 2346 simus
673 2283 1087 2368 antiquarum
1131 2281 1467 2345 literarum
1501 2281 1930 2358 existimator,
1965 2304 2115 2345 eum
2147 2305 2351 2368 prope
2384 2282 2464 2345 ad
2497 2281 2726 2346 Orien-

422 2383 654 2447 talium
697 2384 1028 2446 luxuriam
1076 2395 1143 2445 et
1184 2382 1551 2446 ubertatem
1600 2382 1957 2446 accessisse
1982 2382 2382 2466 judicaverit
2401 2377 2472 2468 1).
2534 2382 2725 2461 Quod

413 2483 766 2565 judicium,
814 2483 871 2545 si
915 2483 1298 2545 universum
1342 2505 1551 2569 genus
1600 2483 1932 2546 scribendi
1975 2481 2297 2568 Aeschyli
2327 2484 2723 2569 respexeris,

427 2580 669 2644 falsum
738 2604 882 2646 esse
951 2582 1300 2646 contendo.
1396 2582 1491 2646 Ut
1546 2583 1676 2645 iam
1723 2606 1924 2669 supra
1961 2583 2208 2659 monui,
2257 2584 2723 2647 abundantiam

426 2694 498 2745 et
563 2681 816 2768 copiam
883 2682 1246 2769 imaginum
1309 2695 1450 2746 tum
1518 2684 1729 2747 solum
1787 2680 2075 2761 adhibet,
2134 2707 2334 2769 quum
2379 2685 2584 2770 ipsius
2629 2685 2726 2749 rei

422 2782 710 2868 gravitas
780 2795 847 2845 et
911 2783 1118 2867 major
1181 2783 1466 2869 impetus
1534 2783 1735 2847 animi
1790 2785 1983 2848 solito
2041 2786 2356 2870 majorem
2414 2785 2610 2848 etiam
2654 2786 2725 2849 in

422 2883 644 2947 verbis
713 2883 1131 2970 splendorem
1187 2884 1559 2949 desiderare
1614 2885 1950 2962 videntum
2007 2886 2182 2970 quod
2229 2886 2610 2972 saepissime
2654 2885 2725 2950 in

422 2983 645 3068 lyricis
691 2984 1007 3070 partibus,
1053 2985 1257 3048 rarius
1303 2985 1370 3047 in
1419 2985 1681 3073 dialo'go
1729 2986 1873 3049 fieri
1918 2986 2077 3050 dixi.
2176 2988 2271 3051 At
2325 2987 2395 3049 in
2440 2986 2723 3073 dialogo,

371 3155 376 3162 ,
425 3083 539 3169 qui
592 3085 1077 3171 tragoediarum
1135 3085 1275 3169 ejus
1331 3085 1531 3172 longe
1578 3087 1863 3149 maxima
1909 3100 2009 3151 est
2052 3110 2220 3174 pars,
2265 3111 2400 3150 non
2447 3110 2641 3173 saepe
2689 3111 2725 3150 a

420 3186 690 3270 proprio
759 3185 1026 3250 dicendi
1091 3186 1288 3250 modo
1357 3186 1656 3265 discedit,
1724 3187 1930 3251 multo
2001 3187 2206 3251 rarius
2274 3211 2465 3273 quam
2522 3188 2723 3274 vulgo

422 3285 826 3349 recentiores
871 3298 1129 3372 poetae,
1176 3310 1259 3350 ne
1307 3284 1521 3350 dicam
1567 3286 1956 3366 Orientales,
1985 3288 2300 3352 assolent.
2373 3288 2600 3352 Multfs
2630 3288 2726 3352 lo-

420 3386 515 3449 eis
562 3385 762 3472 longa
807 3386 1008 3450 series
1053 3410 1360 3451 versuum
1409 3400 1526 3465 est,
1572 3388 1641 3451 in
1688 3411 1814 3474 qua
1857 3388 2305 3475 metaphoram
2339 3401 2449 3452 aut
2475 3389 2723 3453 nullam

422 3486 827 3572 reperiamus
896 3500 1008 3550 aut
1071 3488 1290 3563 talem,
1359 3511 1523 3573 quae
1590 3502 1724 3552 tam
1779 3490 2018 3553 usitata
2064 3490 2167 3568 sit,
2212 3504 2287 3554 ut
2331 3512 2473 3554 eam
2520 3502 2722 3554 meta-

419 3586 697 3672 phoram
772 3609 915 3651 esse
979 3587 1094 3650 vix
1147 3589 1524 3653 sentiamus.
1612 3589 1949 3654 Nonnulla
1996 3591 2192 3654 etiam
2239 3589 2420 3655 chori
2468 3591 2723 3655 cantica

423 3687 704 3751 eandem
772 3686 1262 3775 simplicitatem
1327 3688 1592 3767 habent,
1661 3691 1831 3754 sicut
1898 3691 2117 3755 omnia
2176 3692 2245 3754 in
2302 3690 2720 3755 Prometheo.

426 3784 567 3851 Hac
603 3802 956 3874 *tamquam
1003 3790 1400 3876 parsimonia
1445 3789 1654 3854 efficit
1696 3804 1911 3877 poeta,
1956 3804 2030 3855 ut
2073 3792 2161 3869 id,
2210 3792 2382 3877 quod
2428 3792 2716 3878 imagine

423 3884 864 3954 illuminatum
912 3891 1016 3969 sit,
1063 3914 1142 3954 eo
1190 3890 1397 3977 magis
1446 3904 1663 3954 exstet
1708 3905 1774 3956 et
1819 3893 2131 3969 emineat3
2179 3893 2354 3978 quod
2384 3916 2517 3956 non
2549 3915 2722 3957 asse-

562 4099 604 4163 ¹)
640 4101 922 4151 Grundriss
974 4104 1065 4152 der
1117 4103 1488 4153 Griechischen
1532 4103 1840 4154 Litteratur.
1919 4105 2139 4155 Zweiter
2183 4104 2348 4164 Theil,
2396 4105 2578 4154 zweite
2611 4106 2716 4154 Ab·

415 4184 664 4248 theilung
698 4200 751 4248 p.
787 4187 906 4235 243.
2597 4256 2634 4317 2
