<?xml version="1.0" encoding="UTF-8"?>
<!DOCTYPE html PUBLIC "-//W3C//DTD XHTML 1.0 Transitional//EN"
    "http://www.w3.org/TR/xhtml1/DTD/xhtml1-transitional.dtd">
<html xmlns="http://www.w3.org/1999/xhtml" xml:lang="en" lang="en">
 <head>
  <title>
</title>
<meta http-equiv="Content-Type" content="text/html;charset=utf-8" />
  <meta name='ocr-system' content='tesseract 3.04.00' />
  <meta name='ocr-capabilities' content='ocr_page ocr_carea ocr_par ocr_line ocrx_word'/>
</head>
<body>
  <div class='ocr_page' id='page_1' title='image "./deimaginibusaes00dahlgoog_0027.png"; bbox 0 0 3134 4842; ppageno 0'>
   <div class='ocr_carea' id='block_1_1' title="bbox 1018 26 2748 282">
    <p class='ocr_par' dir='ltr' id='par_1_1' title="bbox 1018 26 2748 282">
     <span class='ocr_line' id='line_1_1' title="bbox 1018 26 2748 282; baseline -0.021 -48"><span class='ocrx_word' id='word_1_1' title='bbox 1018 26 1982 282; x_wconf 34' lang='lat' dir='ltr'>manaan?</span> <span class='ocrx_word' id='word_1_2' title='bbox 2583 204 2662 267; x_wconf 56' lang='lat'>21</span> <span class='ocrx_word' id='word_1_3' title='bbox 2743 193 2748 199; x_wconf 80' lang='grc'>,</span> 
     </span>
    </p>
   </div>
   <div class='ocr_carea' id='block_1_2' title="bbox 448 370 2856 2873">
    <p class='ocr_par' dir='ltr' id='par_1_2' title="bbox 448 370 2856 2873">
     <span class='ocr_line' id='line_1_2' title="bbox 449 370 2750 460; baseline -0.001 -23"><span class='ocrx_word' id='word_1_4' title='bbox 449 374 625 439; x_wconf 91' lang='lat' dir='ltr'>inter</span> <span class='ocrx_word' id='word_1_5' title='bbox 689 397 757 438; x_wconf 89' lang='lat' dir='ltr'>se</span> <span class='ocrx_word' id='word_1_6' title='bbox 816 386 1295 460; x_wconf 80' lang='lat' dir='ltr'>comparantur,</span> <span class='ocrx_word' id='word_1_7' title='bbox 1363 395 1628 458; x_wconf 79' lang='lat' dir='ltr'>semper</span> <span class='ocrx_word' id='word_1_8' title='bbox 1690 370 1851 435; x_wconf 83' lang='lat' dir='ltr'>fere.</span> <span class='ocrx_word' id='word_1_9' title='bbox 1876 394 1971 450; x_wconf 87' lang='lat' dir='ltr'>ea,</span> <span class='ocrx_word' id='word_1_10' title='bbox 2031 393 2196 457; x_wconf 87' lang='lat' dir='ltr'>quae</span> <span class='ocrx_word' id='word_1_11' title='bbox 2243 371 2750 458; x_wconf 88' lang='lat' dir='ltr'>comparationis</span> 
     </span>
     <span class='ocr_line' id='line_1_3' title="bbox 454 472 2753 559; baseline -0.001 -21"><span class='ocrx_word' id='word_1_12' title='bbox 454 498 652 540; x_wconf 88' lang='lat' dir='ltr'>causa</span> <span class='ocrx_word' id='word_1_13' title='bbox 720 474 1006 552; x_wconf 88' lang='lat' dir='ltr'>affertur,</span> <span class='ocrx_word' id='word_1_14' title='bbox 1063 473 1391 558; x_wconf 85' lang='lat' dir='ltr'>ejusmodi</span> <span class='ocrx_word' id='word_1_15' title='bbox 1447 485 1566 550; x_wconf 93' lang='lat' dir='ltr'>est,</span> <span class='ocrx_word' id='word_1_16' title='bbox 1611 485 1687 536; x_wconf 88' lang='lat' dir='ltr'>ut</span> <span class='ocrx_word' id='word_1_17' title='bbox 1731 472 1812 535; x_wconf 90' lang='lat' dir='ltr'>ad</span> <span class='ocrx_word' id='word_1_18' title='bbox 1857 495 2087 536; x_wconf 90' lang='lat' dir='ltr'>sensus</span> <span class='ocrx_word' id='word_1_19' title='bbox 2134 473 2571 559; x_wconf 90' lang='lat' dir='ltr'>comparantis</span> <span class='ocrx_word' id='word_1_20' title='bbox 2616 495 2753 535; x_wconf 91' lang='lat' dir='ltr'>mo-</span> 
     </span>
     <span class='ocr_line' id='line_1_4' title="bbox 448 572 2780 660; baseline -0.002 -21"><span class='ocrx_word' id='word_1_21' title='bbox 448 576 703 639; x_wconf 84' lang='lat' dir='ltr'>vendos</span> <span class='ocrx_word' id='word_1_22' title='bbox 750 576 1068 660; x_wconf 81' lang='lat' dir='ltr'>majorem</span> <span class='ocrx_word' id='word_1_23' title='bbox 1113 575 1249 638; x_wconf 84' lang='lat' dir='ltr'>vim</span> <span class='ocrx_word' id='word_1_24' title='bbox 1291 573 1547 638; x_wconf 86' lang='lat' dir='ltr'>habeat.</span> <span class='ocrx_word' id='word_1_25' title='bbox 1637 575 1734 636; x_wconf 91' lang='lat' dir='ltr'>At</span> <span class='ocrx_word' id='word_1_26' title='bbox 1773 586 2000 637; x_wconf 88' lang='lat' dir='ltr'>contra</span> <span class='ocrx_word' id='word_1_27' title='bbox 2027 573 2360 637; x_wconf 87' lang='lat' dir='ltr'>interdum</span> <span class='ocrx_word' id='word_1_28' title='bbox 2387 572 2534 636; x_wconf 90' lang='lat' dir='ltr'>fieri</span> <span class='ocrx_word' id='word_1_29' title='bbox 2564 572 2780 650; x_wconf 80' lang='lat' dir='ltr'>solet,</span> 
     </span>
     <span class='ocr_line' id='line_1_5' title="bbox 448 661 2755 762; baseline -0.001 -23"><span class='ocrx_word' id='word_1_30' title='bbox 448 690 522 740; x_wconf 91' lang='lat' dir='ltr'>ut</span> <span class='ocrx_word' id='word_1_31' title='bbox 567 675 968 762; x_wconf 89' lang='lat' dir='ltr'>comparatio</span> <span class='ocrx_word' id='word_1_32' title='bbox 1002 661 1094 740; x_wconf 72' lang='lat' dir='ltr'>vab</span> <span class='ocrx_word' id='word_1_33' title='bbox 1139 674 1454 738; x_wconf 86' lang='lat' dir='ltr'>inferiore</span> <span class='ocrx_word' id='word_1_34' title='bbox 1501 674 1581 738; x_wconf 90' lang='lat' dir='ltr'>ad</span> <span class='ocrx_word' id='word_1_35' title='bbox 1628 675 1948 759; x_wconf 76' lang='lat' dir='ltr'>superine,</span> <span class='ocrx_word' id='word_1_36' title='bbox 1996 697 2033 736; x_wconf 90' lang='lat' dir='ltr'>a</span> <span class='ocrx_word' id='word_1_37' title='bbox 2075 696 2144 737; x_wconf 90' lang='lat' dir='ltr'>re</span> <span class='ocrx_word' id='word_1_38' title='bbox 2178 673 2468 737; x_wconf 88' lang='lat' dir='ltr'>inanima</span> <span class='ocrx_word' id='word_1_39' title='bbox 2509 674 2589 737; x_wconf 92' lang='lat' dir='ltr'>ad</span> <span class='ocrx_word' id='word_1_40' title='bbox 2621 673 2755 736; x_wconf 88' lang='lat' dir='ltr'>ani·</span> 
     </span>
     <span class='ocr_line' id='line_1_6' title="bbox 451 775 2757 861; baseline -0.002 -20"><span class='ocrx_word' id='word_1_41' title='bbox 451 790 709 855; x_wconf 88' lang='lat' dir='ltr'>matam,</span> <span class='ocrx_word' id='word_1_42' title='bbox 755 800 792 840; x_wconf 90' lang='lat' dir='ltr'>a</span> <span class='ocrx_word' id='word_1_43' title='bbox 833 799 905 840; x_wconf 92' lang='lat' dir='ltr'>re</span> <span class='ocrx_word' id='word_1_44' title='bbox 953 776 1254 841; x_wconf 80' lang='lat' dir='ltr'>sensibus</span> <span class='ocrx_word' id='word_1_45' title='bbox 1298 776 1595 859; x_wconf 89' lang='lat' dir='ltr'>subjecta</span> <span class='ocrx_word' id='word_1_46' title='bbox 1625 775 1705 838; x_wconf 92' lang='lat' dir='ltr'>ad</span> <span class='ocrx_word' id='word_1_47' title='bbox 1742 797 1900 852; x_wconf 86' lang='lat' dir='ltr'>rem,</span> <span class='ocrx_word' id='word_1_48' title='bbox 1934 797 2097 859; x_wconf 90' lang='lat' dir='ltr'>quae</span> <span class='ocrx_word' id='word_1_49' title='bbox 2131 797 2168 837; x_wconf 90' lang='lat' dir='ltr'>a</span> <span class='ocrx_word' id='word_1_50' title='bbox 2198 798 2471 861; x_wconf 87' lang='lat' dir='ltr'>corpore</span> <span class='ocrx_word' id='word_1_51' title='bbox 2504 785 2757 838; x_wconf 87' lang='lat' dir='ltr'>remota</span> 
     </span>
     <span class='ocr_line' id='line_1_7' title="bbox 452 874 2753 962; baseline -0.002 -20"><span class='ocrx_word' id='word_1_52' title='bbox 452 878 537 942; x_wconf 88' lang='lat' dir='ltr'>sit</span> <span class='ocrx_word' id='word_1_53' title='bbox 580 891 647 942; x_wconf 88' lang='lat' dir='ltr'>et</span> <span class='ocrx_word' id='word_1_54' title='bbox 692 878 832 947; x_wconf 87' lang='lat' dir='ltr'>sola</span> <span class='ocrx_word' id='word_1_55' title='bbox 875 890 1098 940; x_wconf 90' lang='lat' dir='ltr'>mente</span> <span class='ocrx_word' id='word_1_56' title='bbox 1139 876 1559 962; x_wconf 77' lang='lat' dir='ltr'>percipiatur,</span> <span class='ocrx_word' id='word_1_57' title='bbox 1592 889 1925 960; x_wconf 80' lang='lat' dir='ltr'>tamquam</span> <span class='ocrx_word' id='word_1_58' title='bbox 1958 875 2286 939; x_wconf 80' lang='lat' dir='ltr'>ascendat.</span> <span class='ocrx_word' id='word_1_59' title='bbox 2357 874 2753 951; x_wconf 89' lang='lat' dir='ltr'>Delectati0‚</span> 
     </span>
     <span class='ocr_line' id='line_1_8' title="bbox 454 974 2752 1063; baseline -0.002 -21"><span class='ocrx_word' id='word_1_60' title='bbox 454 1002 647 1063; x_wconf 92' lang='lat' dir='ltr'>quam</span> <span class='ocrx_word' id='word_1_61' title='bbox 722 1001 807 1042; x_wconf 84' lang='lat' dir='ltr'>ex</span> <span class='ocrx_word' id='word_1_62' title='bbox 871 976 1256 1062; x_wconf 89' lang='lat' dir='ltr'>hujusmodi</span> <span class='ocrx_word' id='word_1_63' title='bbox 1312 976 1711 1063; x_wconf 85' lang='lat' dir='ltr'>imaginibus</span> <span class='ocrx_word' id='word_1_64' title='bbox 1767 974 2071 1039; x_wconf 92' lang='lat' dir='ltr'>homines</span> <span class='ocrx_word' id='word_1_65' title='bbox 2116 976 2510 1062; x_wconf 90' lang='lat' dir='ltr'>percipiunt,</span> <span class='ocrx_word' id='word_1_66' title='bbox 2556 976 2627 1038; x_wconf 94' lang='lat' dir='ltr'>in</span> <span class='ocrx_word' id='word_1_67' title='bbox 2674 998 2752 1038; x_wconf 92' lang='lat' dir='ltr'>eo</span> 
     </span>
     <span class='ocr_line' id='line_1_9' title="bbox 453 1076 2754 1163; baseline -0.002 -21"><span class='ocrx_word' id='word_1_68' title='bbox 453 1079 777 1156; x_wconf 89' lang='lat' dir='ltr'>consistit,</span> <span class='ocrx_word' id='word_1_69' title='bbox 822 1091 897 1141; x_wconf 92' lang='lat' dir='ltr'>ut</span> <span class='ocrx_word' id='word_1_70' title='bbox 940 1078 1032 1141; x_wconf 91' lang='lat' dir='ltr'>ita</span> <span class='ocrx_word' id='word_1_71' title='bbox 1078 1077 1361 1163; x_wconf 89' lang='lat' dir='ltr'>quodam</span> <span class='ocrx_word' id='word_1_72' title='bbox 1407 1076 1606 1140; x_wconf 92' lang='lat' dir='ltr'>modo</span> <span class='ocrx_word' id='word_1_73' title='bbox 1654 1076 1871 1139; x_wconf 87' lang='lat' dir='ltr'>anima</span> <span class='ocrx_word' id='word_1_74' title='bbox 1905 1088 1972 1139; x_wconf 92' lang='lat' dir='ltr'>et</span> <span class='ocrx_word' id='word_1_75' title='bbox 2001 1098 2187 1140; x_wconf 92' lang='lat' dir='ltr'>mens</span> <span class='ocrx_word' id='word_1_76' title='bbox 2220 1078 2414 1141; x_wconf 93' lang='lat' dir='ltr'>rebus</span> <span class='ocrx_word' id='word_1_77' title='bbox 2446 1076 2754 1140; x_wconf 90' lang='lat' dir='ltr'>inanimis</span> 
     </span>
     <span class='ocr_line' id='line_1_10' title="bbox 450 1171 2760 1266; baseline -0.001 -23"><span class='ocrx_word' id='word_1_78' title='bbox 450 1179 858 1243; x_wconf 83' lang='lat' dir='ltr'>infundatur.</span> <span class='ocrx_word' id='word_1_79' title='bbox 924 1177 1142 1263; x_wconf 89' lang='lat' dir='ltr'>Hujus</span> <span class='ocrx_word' id='word_1_80' title='bbox 1188 1177 1449 1265; x_wconf 90' lang='lat' dir='ltr'>generis</span> <span class='ocrx_word' id='word_1_81' title='bbox 1497 1189 1652 1240; x_wconf 90' lang='lat' dir='ltr'>sunt</span> <span class='ocrx_word' id='word_1_82' title='bbox 1693 1175 2051 1240; x_wconf 91' lang='lat' dir='ltr'>Homerica</span> <span class='ocrx_word' id='word_1_83' title='bbox 2079 1175 2392 1266; x_wconf 77' lang='grc' dir='ltr'><em>γέλασσε</em></span> <span class='ocrx_word' id='word_1_84' title='bbox 2435 1171 2514 1243; x_wconf 75' lang='grc' dir='ltr'>δὲ</span> <span class='ocrx_word' id='word_1_85' title='bbox 2553 1177 2760 1244; x_wconf 74' lang='grc' dir='ltr'><em>πᾶσα</em></span> 
     </span>
     <span class='ocr_line' id='line_1_11' title="bbox 453 1262 2760 1371; baseline -0.003 -25"><span class='ocrx_word' id='word_1_86' title='bbox 453 1275 620 1371; x_wconf 78' lang='grc' dir='ltr'><em>περὶ</em></span> <span class='ocrx_word' id='word_1_87' title='bbox 659 1273 892 1366; x_wconf 74' lang='grc' dir='ltr'>χθών</span> <span class='ocrx_word' id='word_1_88' title='bbox 928 1274 1004 1365; x_wconf 86' lang='grc'>1),</span> <span class='ocrx_word' id='word_1_89' title='bbox 1060 1274 1302 1370; x_wconf 77' lang='grc' dir='ltr'><em>δοῦρα</em></span> <span class='ocrx_word' id='word_1_90' title='bbox 1351 1271 1793 1362; x_wconf 78' lang='grc' dir='ltr'><strong><em>λιλαιόμενα</em></strong></span> <span class='ocrx_word' id='word_1_91' title='bbox 1840 1271 2077 1369; x_wconf 78' lang='grc' dir='ltr'><em>χροὸς</em></span> <span class='ocrx_word' id='word_1_92' title='bbox 2128 1262 2304 1344; x_wconf 73' lang='grc' dir='ltr'><em>ἆσαι</em></span> <span class='ocrx_word' id='word_1_93' title='bbox 2340 1271 2413 1364; x_wconf 79' lang='lat'>²),</span> <span class='ocrx_word' id='word_1_94' title='bbox 2523 1276 2760 1355; x_wconf 81' lang='lat' dir='ltr'>Quam-</span> 
     </span>
     <span class='ocr_line' id='line_1_12' title="bbox 457 1377 2757 1467; baseline -0.001 -23"><span class='ocrx_word' id='word_1_95' title='bbox 457 1403 650 1467; x_wconf 90' lang='lat' dir='ltr'>quam</span> <span class='ocrx_word' id='word_1_96' title='bbox 694 1381 898 1467; x_wconf 88' lang='lat' dir='ltr'>igitur</span> <span class='ocrx_word' id='word_1_97' title='bbox 924 1380 1103 1444; x_wconf 76' lang='lat' dir='ltr'>tales</span> <span class='ocrx_word' id='word_1_98' title='bbox 1148 1379 1470 1466; x_wconf 86' lang='lat' dir='ltr'>imagines</span> <span class='ocrx_word' id='word_1_99' title='bbox 1518 1378 1693 1465; x_wconf 88' lang='lat' dir='ltr'>apud</span> <span class='ocrx_word' id='word_1_100' title='bbox 1735 1377 2018 1442; x_wconf 87' lang='lat' dir='ltr'>Graecos</span> <span class='ocrx_word' id='word_1_101' title='bbox 2049 1392 2279 1464; x_wconf 90' lang='lat' dir='ltr'>poetas</span> <span class='ocrx_word' id='word_1_102' title='bbox 2311 1379 2757 1455; x_wconf 90' lang='lat' dir='ltr'>inveniuntur,</span> 
     </span>
     <span class='ocr_line' id='line_1_13' title="bbox 456 1479 2759 1567; baseline -0.002 -20"><span class='ocrx_word' id='word_1_103' title='bbox 456 1495 679 1547; x_wconf 85' lang='lat' dir='ltr'>tamen</span> <span class='ocrx_word' id='word_1_104' title='bbox 749 1480 923 1567; x_wconf 91' lang='lat' dir='ltr'>apud</span> <span class='ocrx_word' id='word_1_105' title='bbox 981 1503 1093 1543; x_wconf 91' lang='lat' dir='ltr'>eos</span> <span class='ocrx_word' id='word_1_106' title='bbox 1152 1481 1360 1544; x_wconf 89' lang='lat' dir='ltr'>multo</span> <span class='ocrx_word' id='word_1_107' title='bbox 1406 1480 1625 1543; x_wconf 90' lang='lat' dir='ltr'>minus</span> <span class='ocrx_word' id='word_1_108' title='bbox 1671 1479 2051 1564; x_wconf 89' lang='lat' dir='ltr'>frequentes</span> <span class='ocrx_word' id='word_1_109' title='bbox 2099 1493 2270 1557; x_wconf 89' lang='lat' dir='ltr'>sunt,</span> <span class='ocrx_word' id='word_1_110' title='bbox 2319 1503 2512 1564; x_wconf 92' lang='lat' dir='ltr'>quam</span> <span class='ocrx_word' id='word_1_111' title='bbox 2556 1479 2759 1564; x_wconf 84' lang='lat' dir='ltr'>vulgo</span> 
     </span>
     <span class='ocr_line' id='line_1_14' title="bbox 462 1580 2760 1667; baseline -0.002 -22"><span class='ocrx_word' id='word_1_112' title='bbox 462 1582 636 1667; x_wconf 86' lang='lat' dir='ltr'>apud</span> <span class='ocrx_word' id='word_1_113' title='bbox 700 1580 1122 1657; x_wconf 86' lang='lat' dir='ltr'>recentiores,</span> <span class='ocrx_word' id='word_1_114' title='bbox 1178 1594 1244 1644; x_wconf 91' lang='lat' dir='ltr'>et</span> <span class='ocrx_word' id='word_1_115' title='bbox 1297 1604 1376 1645; x_wconf 92' lang='lat' dir='ltr'>eo</span> <span class='ocrx_word' id='word_1_116' title='bbox 1422 1580 1897 1665; x_wconf 86' lang='lat' dir='ltr'>rariores,·quo</span> <span class='ocrx_word' id='word_1_117' title='bbox 1947 1580 2219 1665; x_wconf 91' lang='lat' dir='ltr'>quisque</span> <span class='ocrx_word' id='word_1_118' title='bbox 2266 1593 2368 1643; x_wconf 90' lang='lat' dir='ltr'>est</span> <span class='ocrx_word' id='word_1_119' title='bbox 2412 1580 2760 1665; x_wconf 87' lang='lat' dir='ltr'>antiquior.</span> 
     </span>
     <span class='ocr_line' id='line_1_15' title="bbox 461 1679 2856 1768; baseline 0 -24"><span class='ocrx_word' id='word_1_120' title='bbox 461 1681 716 1744; x_wconf 86' lang='lat' dir='ltr'>Natura</span> <span class='ocrx_word' id='word_1_121' title='bbox 759 1680 937 1743; x_wconf 91' lang='lat' dir='ltr'>enim</span> <span class='ocrx_word' id='word_1_122' title='bbox 979 1680 1248 1744; x_wconf 90' lang='lat' dir='ltr'>humani</span> <span class='ocrx_word' id='word_1_123' title='bbox 1287 1681 1544 1768; x_wconf 92' lang='lat' dir='ltr'>ingenii</span> <span class='ocrx_word' id='word_1_124' title='bbox 1589 1703 1813 1744; x_wconf 91' lang='lat' dir='ltr'>secum</span> <span class='ocrx_word' id='word_1_125' title='bbox 1868 1679 2015 1758; x_wconf 83' lang='lat' dir='ltr'>fert,</span> <span class='ocrx_word' id='word_1_126' title='bbox 2059 1693 2152 1758; x_wconf 85' lang='lat' dir='ltr'>ut,</span> <span class='ocrx_word' id='word_1_127' title='bbox 2188 1703 2315 1766; x_wconf 94' lang='lat' dir='ltr'>quo</span> <span class='ocrx_word' id='word_1_128' title='bbox 2353 1680 2627 1766; x_wconf 91' lang='lat' dir='ltr'>quisque</span> <span class='ocrx_word' id='word_1_129' title='bbox 2661 1692 2764 1744; x_wconf 86' lang='lat' dir='ltr'>est</span> <span class='ocrx_word' id='word_1_130' title='bbox 2849 1729 2856 1766; x_wconf 74' lang='grc'><em>,</em></span> 
     </span>
     <span class='ocr_line' id='line_1_16' title="bbox 468 1781 2757 1870; baseline -0 -27"><span class='ocrx_word' id='word_1_131' title='bbox 468 1781 684 1844; x_wconf 89' lang='lat' dir='ltr'>minus</span> <span class='ocrx_word' id='word_1_132' title='bbox 739 1781 1038 1870; x_wconf 85' lang='lat' dir='ltr'>doctrina</span> <span class='ocrx_word' id='word_1_133' title='bbox 1092 1782 1413 1860; x_wconf 82' lang='lat' dir='ltr'>excultus,</span> <span class='ocrx_word' id='word_1_134' title='bbox 1461 1805 1539 1845; x_wconf 94' lang='lat' dir='ltr'>eo</span> <span class='ocrx_word' id='word_1_135' title='bbox 1587 1781 1793 1867; x_wconf 89' lang='lat' dir='ltr'>magis</span> <span class='ocrx_word' id='word_1_136' title='bbox 1842 1781 2131 1844; x_wconf 89' lang='lat' dir='ltr'>animum</span> <span class='ocrx_word' id='word_1_137' title='bbox 2178 1781 2255 1844; x_wconf 90' lang='lat' dir='ltr'>ad</span> <span class='ocrx_word' id='word_1_138' title='bbox 2301 1804 2404 1845; x_wconf 92' lang='lat' dir='ltr'>res</span> <span class='ocrx_word' id='word_1_139' title='bbox 2452 1793 2757 1844; x_wconf 87' lang='lat' dir='ltr'>externas</span> 
     </span>
     <span class='ocr_line' id='line_1_17' title="bbox 461 1880 2759 1967; baseline -0.001 -22"><span class='ocrx_word' id='word_1_140' title='bbox 461 1894 528 1946; x_wconf 91' lang='lat' dir='ltr'>et</span> <span class='ocrx_word' id='word_1_141' title='bbox 599 1904 946 1967; x_wconf 86' lang='lat' dir='ltr'>corporeas</span> <span class='ocrx_word' id='word_1_142' title='bbox 1015 1896 1375 1947; x_wconf 85' lang='lat' dir='ltr'>convertat.</span> <span class='ocrx_word' id='word_1_143' title='bbox 1483 1881 1629 1946; x_wconf 88' lang='lat' dir='ltr'>Hac</span> <span class='ocrx_word' id='word_1_144' title='bbox 1696 1882 1795 1960; x_wconf 63' lang='lat' dir='ltr'>de⁸</span> <span class='ocrx_word' id='word_1_145' title='bbox 1846 1905 2042 1945; x_wconf 91' lang='lat' dir='ltr'>causa</span> <span class='ocrx_word' id='word_1_146' title='bbox 2104 1880 2352 1945; x_wconf 87' lang='lat' dir='ltr'>factum</span> <span class='ocrx_word' id='word_1_147' title='bbox 2408 1894 2526 1959; x_wconf 88' lang='lat' dir='ltr'>est,</span> <span class='ocrx_word' id='word_1_148' title='bbox 2571 1893 2647 1944; x_wconf 92' lang='lat' dir='ltr'>ut</span> <span class='ocrx_word' id='word_1_149' title='bbox 2687 1880 2759 1943; x_wconf 92' lang='lat' dir='ltr'>in</span> 
     </span>
     <span class='ocr_line' id='line_1_18' title="bbox 460 1981 2759 2069; baseline -0.001 -23"><span class='ocrx_word' id='word_1_150' title='bbox 460 1982 861 2047; x_wconf 87' lang='lat' dir='ltr'>carminibus</span> <span class='ocrx_word' id='word_1_151' title='bbox 907 1982 1186 2046; x_wconf 88' lang='lat' dir='ltr'>Homeri</span> <span class='ocrx_word' id='word_1_152' title='bbox 1231 2007 1344 2046; x_wconf 88' lang='lat' dir='ltr'>eae</span> <span class='ocrx_word' id='word_1_153' title='bbox 1390 1983 1735 2069; x_wconf 83' lang='lat' dir='ltr'>imagines,</span> <span class='ocrx_word' id='word_1_154' title='bbox 1792 2005 1949 2068; x_wconf 90' lang='lat' dir='ltr'>quas</span> <span class='ocrx_word' id='word_1_155' title='bbox 1998 1981 2427 2046; x_wconf 91' lang='lat' dir='ltr'>ascendentes</span> <span class='ocrx_word' id='word_1_156' title='bbox 2475 1981 2759 2068; x_wconf 90' lang='lat' dir='ltr'>appella-</span> 
     </span>
     <span class='ocr_line' id='line_1_19' title="bbox 454 2082 2778 2169; baseline -0 -23"><span class='ocrx_word' id='word_1_157' title='bbox 454 2083 691 2159; x_wconf 81' lang='lat' dir='ltr'>vimus,</span> <span class='ocrx_word' id='word_1_158' title='bbox 739 2106 1104 2169; x_wconf 85' lang='lat' dir='ltr'>perpaucae</span> <span class='ocrx_word' id='word_1_159' title='bbox 1152 2097 1393 2147; x_wconf 89' lang='lat' dir='ltr'>essent.</span> <span class='ocrx_word' id='word_1_160' title='bbox 1481 2086 1723 2147; x_wconf 88' lang='lat' dir='ltr'>Aetate</span> <span class='ocrx_word' id='word_1_161' title='bbox 1768 2083 2188 2169; x_wconf 84' lang='lat' dir='ltr'>tragicorum,</span> <span class='ocrx_word' id='word_1_162' title='bbox 2222 2106 2422 2168; x_wconf 92' lang='lat' dir='ltr'>quum</span> <span class='ocrx_word' id='word_1_163' title='bbox 2453 2082 2778 2166; x_wconf 13' lang='lat' dir='ltr'>homines*</span> 
     </span>
     <span class='ocr_line' id='line_1_20' title="bbox 459 2184 2763 2271; baseline -0.001 -23"><span class='ocrx_word' id='word_1_164' title='bbox 459 2184 1016 2270; x_wconf 76' lang='lat' dir='ltr'>cogitationem&#39;a</span> <span class='ocrx_word' id='word_1_165' title='bbox 1061 2184 1540 2248; x_wconf 86' lang='lat' dir='ltr'>consuetudine</span> <span class='ocrx_word' id='word_1_166' title='bbox 1592 2184 1934 2248; x_wconf 88' lang='lat' dir='ltr'>oculorum</span> <span class='ocrx_word' id='word_1_167' title='bbox 1980 2184 2187 2271; x_wconf 88' lang='lat' dir='ltr'>magis</span> <span class='ocrx_word' id='word_1_168' title='bbox 2235 2185 2314 2247; x_wconf 91' lang='lat' dir='ltr'>ad</span> <span class='ocrx_word' id='word_1_169' title='bbox 2361 2208 2543 2248; x_wconf 92' lang='lat' dir='ltr'>suam</span> <span class='ocrx_word' id='word_1_170' title='bbox 2588 2184 2763 2269; x_wconf 93' lang='lat' dir='ltr'>ipso-</span> 
     </span>
     <span class='ocr_line' id='line_1_21' title="bbox 457 2283 2763 2371; baseline -0.001 -22"><span class='ocrx_word' id='word_1_171' title='bbox 457 2308 599 2349; x_wconf 87' lang='lat' dir='ltr'>rum</span> <span class='ocrx_word' id='word_1_172' title='bbox 671 2297 963 2348; x_wconf 90' lang='lat' dir='ltr'>mentem</span> <span class='ocrx_word' id='word_1_173' title='bbox 1020 2285 1339 2349; x_wconf 85' lang='lat' dir='ltr'>advocare</span> <span class='ocrx_word' id='word_1_174' title='bbox 1397 2285 1788 2371; x_wconf 89' lang='lat' dir='ltr'>inciperent,</span> <span class='ocrx_word' id='word_1_175' title='bbox 1837 2308 1985 2347; x_wconf 92' lang='lat' dir='ltr'>cum</span> <span class='ocrx_word' id='word_1_176' title='bbox 2030 2286 2224 2349; x_wconf 89' lang='lat' dir='ltr'>rebus</span> <span class='ocrx_word' id='word_1_177' title='bbox 2280 2285 2581 2349; x_wconf 91' lang='lat' dir='ltr'>animatis</span> <span class='ocrx_word' id='word_1_178' title='bbox 2636 2283 2763 2347; x_wconf 86' lang='lat' dir='ltr'>fre-</span> 
     </span>
     <span class='ocr_line' id='line_1_22' title="bbox 459 2384 2763 2472; baseline -0 -24"><span class='ocrx_word' id='word_1_179' title='bbox 459 2386 767 2471; x_wconf 92' lang='lat' dir='ltr'>quentius</span> <span class='ocrx_word' id='word_1_180' title='bbox 826 2408 1201 2471; x_wconf 91' lang='lat' dir='ltr'>comparare</span> <span class='ocrx_word' id='word_1_181' title='bbox 1250 2399 1631 2472; x_wconf 87' lang='lat' dir='ltr'>coeperunt.</span> <span class='ocrx_word' id='word_1_182' title='bbox 1721 2385 1973 2449; x_wconf 84' lang='lat' dir='ltr'>Tamen</span> <span class='ocrx_word' id='word_1_183' title='bbox 2027 2399 2094 2450; x_wconf 93' lang='lat' dir='ltr'>et</span> <span class='ocrx_word' id='word_1_184' title='bbox 2135 2385 2234 2448; x_wconf 90' lang='lat' dir='ltr'>illi</span> <span class='ocrx_word' id='word_1_185' title='bbox 2276 2398 2343 2449; x_wconf 88' lang='lat' dir='ltr'>et</span> <span class='ocrx_word' id='word_1_186' title='bbox 2387 2385 2498 2448; x_wconf 91' lang='lat' dir='ltr'>alii</span> <span class='ocrx_word' id='word_1_187' title='bbox 2530 2384 2763 2448; x_wconf 89' lang='lat' dir='ltr'>Graeci</span> 
     </span>
     <span class='ocr_line' id='line_1_23' title="bbox 460 2485 2766 2572; baseline 0 -24"><span class='ocrx_word' id='word_1_188' title='bbox 460 2499 694 2571; x_wconf 85' lang='lat' dir='ltr'>poetae</span> <span class='ocrx_word' id='word_1_189' title='bbox 753 2486 824 2548; x_wconf 92' lang='lat' dir='ltr'>in</span> <span class='ocrx_word' id='word_1_190' title='bbox 878 2485 1261 2570; x_wconf 88' lang='lat' dir='ltr'>hujusmodi</span> <span class='ocrx_word' id='word_1_191' title='bbox 1308 2486 1910 2572; x_wconf 89' lang='lat' dir='ltr'>comparationibus</span> <span class='ocrx_word' id='word_1_192' title='bbox 1958 2486 2311 2549; x_wconf 88' lang='lat' dir='ltr'>admodum</span> <span class='ocrx_word' id='word_1_193' title='bbox 2353 2486 2534 2571; x_wconf 90' lang='lat' dir='ltr'>parci</span> <span class='ocrx_word' id='word_1_194' title='bbox 2579 2497 2766 2549; x_wconf 90' lang='lat' dir='ltr'>erant</span> 
     </span>
     <span class='ocr_line' id='line_1_24' title="bbox 465 2585 2763 2672; baseline 0.001 -24"><span class='ocrx_word' id='word_1_195' title='bbox 465 2599 533 2649; x_wconf 89' lang='lat' dir='ltr'>et</span> <span class='ocrx_word' id='word_1_196' title='bbox 576 2608 683 2649; x_wconf 91' lang='lat' dir='ltr'>eas</span> <span class='ocrx_word' id='word_1_197' title='bbox 718 2586 1059 2672; x_wconf 90' lang='lat' dir='ltr'>imagines,</span> <span class='ocrx_word' id='word_1_198' title='bbox 1107 2610 1270 2672; x_wconf 89' lang='lat' dir='ltr'>quae</span> <span class='ocrx_word' id='word_1_199' title='bbox 1302 2587 1379 2650; x_wconf 90' lang='lat' dir='ltr'>ad</span> <span class='ocrx_word' id='word_1_200' title='bbox 1412 2608 1516 2649; x_wconf 90' lang='lat' dir='ltr'>res</span> <span class='ocrx_word' id='word_1_201' title='bbox 1548 2599 1817 2650; x_wconf 91' lang='lat' dir='ltr'>naturae</span> <span class='ocrx_word' id='word_1_202' title='bbox 1850 2592 2240 2671; x_wconf 84' lang='lat' dir='ltr'>spectarent,</span> <span class='ocrx_word' id='word_1_203' title='bbox 2272 2585 2763 2672; x_wconf 79' lang='lat' dir='ltr'>praeferebant3</span> 
     </span>
     <span class='ocr_line' id='line_1_25' title="bbox 464 2686 2762 2774; baseline 0 -25"><span class='ocrx_word' id='word_1_204' title='bbox 464 2686 534 2750; x_wconf 86' lang='lat' dir='ltr'>in</span> <span class='ocrx_word' id='word_1_205' title='bbox 581 2698 709 2772; x_wconf 81' lang='lat' dir='ltr'>quo</span> <span class='ocrx_word' id='word_1_206' title='bbox 756 2709 985 2749; x_wconf 91' lang='lat' dir='ltr'>sanum</span> <span class='ocrx_word' id='word_1_207' title='bbox 1030 2687 1196 2750; x_wconf 90' lang='lat' dir='ltr'>illud</span> <span class='ocrx_word' id='word_1_208' title='bbox 1243 2700 1310 2750; x_wconf 88' lang='lat' dir='ltr'>et</span> <span class='ocrx_word' id='word_1_209' title='bbox 1351 2687 1732 2774; x_wconf 91' lang='lat' dir='ltr'>intelligens</span> <span class='ocrx_word' id='word_1_210' title='bbox 1772 2687 1842 2749; x_wconf 90' lang='lat' dir='ltr'>in</span> <span class='ocrx_word' id='word_1_211' title='bbox 1873 2686 2067 2750; x_wconf 92' lang='lat' dir='ltr'>rebus</span> <span class='ocrx_word' id='word_1_212' title='bbox 2099 2686 2390 2773; x_wconf 90' lang='lat' dir='ltr'>pulchris</span> <span class='ocrx_word' id='word_1_213' title='bbox 2416 2687 2762 2771; x_wconf 89' lang='lat' dir='ltr'>judicium,</span> 
     </span>
     <span class='ocr_line' id='line_1_26' title="bbox 466 2787 2763 2873; baseline 0 -24"><span class='ocrx_word' id='word_1_214' title='bbox 466 2809 595 2871; x_wconf 91' lang='lat' dir='ltr'>quo</span> <span class='ocrx_word' id='word_1_215' title='bbox 633 2787 900 2850; x_wconf 92' lang='lat' dir='ltr'>omnino</span> <span class='ocrx_word' id='word_1_216' title='bbox 940 2787 1374 2865; x_wconf 84' lang='lat' dir='ltr'>excellebant,</span> <span class='ocrx_word' id='word_1_217' title='bbox 1403 2789 1512 2852; x_wconf 87' lang='lat' dir='ltr'>vel</span> <span class='ocrx_word' id='word_1_218' title='bbox 1542 2788 1828 2851; x_wconf 88' lang='lat' dir='ltr'>maxime</span> <span class='ocrx_word' id='word_1_219' title='bbox 1863 2810 2173 2873; x_wconf 90' lang='lat' dir='ltr'>apparere</span> <span class='ocrx_word' id='word_1_220' title='bbox 2205 2788 2484 2852; x_wconf 87' lang='lat' dir='ltr'>videtur.</span> <span class='ocrx_word' id='word_1_221' title='bbox 2529 2787 2763 2873; x_wconf 88' lang='lat' dir='ltr'>Longe</span> 
     </span>
    </p>
   </div>
   <div class='ocr_carea' id='block_1_3' title="bbox 294 2886 2764 2974">
    <p class='ocr_par' dir='ltr' id='par_1_3' title="bbox 294 2886 2764 2974">
     <span class='ocr_line' id='line_1_27' title="bbox 294 2886 2764 2974; baseline -0 -23"><span class='ocrx_word' id='word_1_222' title='bbox 294 2917 299 2930; x_wconf 88' lang='lat'>·</span> <span class='ocrx_word' id='word_1_223' title='bbox 374 2961 379 2966; x_wconf 23' lang='lat'><strong>⁴</strong></span> <span class='ocrx_word' id='word_1_224' title='bbox 463 2887 652 2951; x_wconf 86' lang='lat' dir='ltr'>aliter</span> <span class='ocrx_word' id='word_1_225' title='bbox 714 2886 968 2952; x_wconf 88' lang='lat' dir='ltr'>faciunt</span> <span class='ocrx_word' id='word_1_226' title='bbox 1018 2887 1210 2952; x_wconf 90' lang='lat' dir='ltr'>multi</span> <span class='ocrx_word' id='word_1_227' title='bbox 1253 2889 1680 2967; x_wconf 89' lang='lat' dir='ltr'>recentiores,</span> <span class='ocrx_word' id='word_1_228' title='bbox 1724 2888 2110 2974; x_wconf 89' lang='lat' dir='ltr'>praesertim</span> <span class='ocrx_word' id='word_1_229' title='bbox 2155 2888 2365 2974; x_wconf 84' lang='lat' dir='ltr'>lyrici,</span> <span class='ocrx_word' id='word_1_230' title='bbox 2412 2888 2525 2974; x_wconf 92' lang='lat' dir='ltr'>qui</span> <span class='ocrx_word' id='word_1_231' title='bbox 2569 2910 2764 2973; x_wconf 91' lang='lat' dir='ltr'>saepe</span> 
     </span>
    </p>
   </div>
   <div class='ocr_carea' id='block_1_4' title="bbox 461 2988 2771 3980">
    <p class='ocr_par' dir='ltr' id='par_1_4' title="bbox 461 2988 2771 3980">
     <span class='ocr_line' id='line_1_28' title="bbox 461 2988 2765 3075; baseline -0 -23"><span class='ocrx_word' id='word_1_232' title='bbox 461 2988 624 3052; x_wconf 88' lang='lat' dir='ltr'>tales</span> <span class='ocrx_word' id='word_1_233' title='bbox 689 2988 1012 3073; x_wconf 83' lang='lat' dir='ltr'>imagines</span> <span class='ocrx_word' id='word_1_234' title='bbox 1078 3012 1233 3075; x_wconf 89' lang='lat' dir='ltr'>prae</span> <span class='ocrx_word' id='word_1_235' title='bbox 1300 2990 1533 3053; x_wconf 89' lang='lat' dir='ltr'>ceteris</span> <span class='ocrx_word' id='word_1_236' title='bbox 1600 2990 1672 3052; x_wconf 89' lang='lat' dir='ltr'>in</span> <span class='ocrx_word' id='word_1_237' title='bbox 1729 2989 1981 3053; x_wconf 89' lang='lat' dir='ltr'>deliciis</span> <span class='ocrx_word' id='word_1_238' title='bbox 2069 2988 2333 3065; x_wconf 90' lang='lat' dir='ltr'>habent,</span> <span class='ocrx_word' id='word_1_239' title='bbox 2380 2988 2616 3075; x_wconf 89' lang='lat' dir='ltr'>quibus</span> <span class='ocrx_word' id='word_1_240' title='bbox 2659 3011 2765 3052; x_wconf 92' lang='lat' dir='ltr'>res</span> 
     </span>
     <span class='ocr_line' id='line_1_29' title="bbox 466 3088 2765 3176; baseline 0 -24"><span class='ocrx_word' id='word_1_241' title='bbox 466 3088 673 3152; x_wconf 88' lang='lat' dir='ltr'>oculis</span> <span class='ocrx_word' id='word_1_242' title='bbox 721 3089 1054 3173; x_wconf 86' lang='lat' dir='ltr'>subjectae</span> <span class='ocrx_word' id='word_1_243' title='bbox 1103 3112 1252 3153; x_wconf 91' lang='lat' dir='ltr'>cum</span> <span class='ocrx_word' id='word_1_244' title='bbox 1297 3090 1491 3153; x_wconf 90' lang='lat' dir='ltr'>rebus</span> <span class='ocrx_word' id='word_1_245' title='bbox 1539 3113 1576 3153; x_wconf 91' lang='lat' dir='ltr'>a</span> <span class='ocrx_word' id='word_1_246' title='bbox 1620 3113 1892 3176; x_wconf 89' lang='lat' dir='ltr'>corpore</span> <span class='ocrx_word' id='word_1_247' title='bbox 1935 3090 2252 3174; x_wconf 87' lang='lat' dir='ltr'>sejunctis</span> <span class='ocrx_word' id='word_1_248' title='bbox 2285 3102 2765 3175; x_wconf 89' lang='lat' dir='ltr'>comparentur.</span> 
     </span>
     <span class='ocr_line' id='line_1_30' title="bbox 466 3188 2769 3276; baseline 0 -25"><span class='ocrx_word' id='word_1_249' title='bbox 466 3188 657 3266; x_wconf 82' lang='lat' dir='ltr'>Quod</span> <span class='ocrx_word' id='word_1_250' title='bbox 701 3189 826 3252; x_wconf 90' lang='lat' dir='ltr'>etsi</span> <span class='ocrx_word' id='word_1_251' title='bbox 868 3212 1184 3275; x_wconf 89' lang='lat' dir='ltr'>perquam</span> <span class='ocrx_word' id='word_1_252' title='bbox 1229 3204 1507 3254; x_wconf 85' lang='lat' dir='ltr'>venuste</span> <span class='ocrx_word' id='word_1_253' title='bbox 1555 3203 1624 3255; x_wconf 87' lang='lat' dir='ltr'>et</span> <span class='ocrx_word' id='word_1_254' title='bbox 1667 3190 2004 3276; x_wconf 88' lang='lat' dir='ltr'>eleganter</span> <span class='ocrx_word' id='word_1_255' title='bbox 2046 3189 2191 3253; x_wconf 91' lang='lat' dir='ltr'>fieri</span> <span class='ocrx_word' id='word_1_256' title='bbox 2218 3213 2415 3276; x_wconf 91' lang='lat' dir='ltr'>posse</span> <span class='ocrx_word' id='word_1_257' title='bbox 2450 3188 2769 3254; x_wconf 91' lang='lat' dir='ltr'>confiten-</span> 
     </span>
     <span class='ocr_line' id='line_1_31' title="bbox 466 3289 2766 3377; baseline -0 -24"><span class='ocrx_word' id='word_1_258' title='bbox 466 3289 622 3353; x_wconf 93' lang='lat' dir='ltr'>dum</span> <span class='ocrx_word' id='word_1_259' title='bbox 699 3303 818 3366; x_wconf 87' lang='lat' dir='ltr'>est,</span> <span class='ocrx_word' id='word_1_260' title='bbox 897 3303 1117 3354; x_wconf 88' lang='lat' dir='ltr'>tamen</span> <span class='ocrx_word' id='word_1_261' title='bbox 1206 3290 1566 3377; x_wconf 89' lang='lat' dir='ltr'>prudenter</span> <span class='ocrx_word' id='word_1_262' title='bbox 1642 3291 1909 3376; x_wconf 90' lang='lat' dir='ltr'>quidam</span> <span class='ocrx_word' id='word_1_263' title='bbox 1976 3291 2329 3377; x_wconf 86' lang='lat' dir='ltr'>scriptores</span> <span class='ocrx_word' id='word_1_264' title='bbox 2400 3289 2766 3367; x_wconf 86' lang='lat' dir='ltr'>aesthetici,</span> 
     </span>
     <span class='ocr_line' id='line_1_32' title="bbox 467 3390 2767 3478; baseline 0 -25"><span class='ocrx_word' id='word_1_265' title='bbox 467 3390 581 3476; x_wconf 91' lang='lat' dir='ltr'>qui</span> <span class='ocrx_word' id='word_1_266' title='bbox 660 3403 1001 3468; x_wconf 85' lang='lat' dir='ltr'>vocantur,</span> <span class='ocrx_word' id='word_1_267' title='bbox 1078 3391 1459 3478; x_wconf 84' lang='lat' dir='ltr'>praecipere</span> <span class='ocrx_word' id='word_1_268' title='bbox 1538 3390 1702 3454; x_wconf 91' lang='lat' dir='ltr'>mihi</span> <span class='ocrx_word' id='word_1_269' title='bbox 1780 3391 2092 3454; x_wconf 90' lang='lat' dir='ltr'>videntur</span> <span class='ocrx_word' id='word_1_270' title='bbox 2168 3414 2472 3477; x_wconf 88' lang='lat' dir='ltr'>magnam</span> <span class='ocrx_word' id='word_1_271' title='bbox 2546 3391 2617 3454; x_wconf 92' lang='lat' dir='ltr'>in</span> <span class='ocrx_word' id='word_1_272' title='bbox 2684 3390 2767 3454; x_wconf 89' lang='lat' dir='ltr'>iis</span> 
     </span>
     <span class='ocr_line' id='line_1_33' title="bbox 466 3490 2766 3577; baseline -0 -22"><span class='ocrx_word' id='word_1_273' title='bbox 466 3490 725 3575; x_wconf 90' lang='lat' dir='ltr'>copiam</span> <span class='ocrx_word' id='word_1_274' title='bbox 768 3491 1269 3576; x_wconf 85' lang='lat' dir='ltr'>vituperandam</span> <span class='ocrx_word' id='word_1_275' title='bbox 1316 3505 1382 3556; x_wconf 91' lang='lat' dir='ltr'>et</span> <span class='ocrx_word' id='word_1_276' title='bbox 1427 3492 1783 3577; x_wconf 88' lang='lat' dir='ltr'>diligenter</span> <span class='ocrx_word' id='word_1_277' title='bbox 1826 3492 2185 3556; x_wconf 85' lang='lat' dir='ltr'>cavendam</span> <span class='ocrx_word' id='word_1_278' title='bbox 2226 3514 2390 3570; x_wconf 86' lang='lat' dir='ltr'>esse,</span> <span class='ocrx_word' id='word_1_279' title='bbox 2421 3491 2573 3577; x_wconf 90' lang='lat' dir='ltr'>quia</span> <span class='ocrx_word' id='word_1_280' title='bbox 2602 3490 2766 3555; x_wconf 88' lang='lat' dir='ltr'>tales</span> 
     </span>
     <span class='ocr_line' id='line_1_34' title="bbox 464 3591 2769 3678; baseline 0 -24"><span class='ocrx_word' id='word_1_281' title='bbox 464 3591 812 3676; x_wconf 86' lang='lat' dir='ltr'>imagines,</span> <span class='ocrx_word' id='word_1_282' title='bbox 878 3591 1011 3655; x_wconf 90' lang='lat' dir='ltr'>nisi</span> <span class='ocrx_word' id='word_1_283' title='bbox 1064 3592 1323 3655; x_wconf 89' lang='lat' dir='ltr'>modice</span> <span class='ocrx_word' id='word_1_284' title='bbox 1372 3605 1440 3655; x_wconf 89' lang='lat' dir='ltr'>et</span> <span class='ocrx_word' id='word_1_285' title='bbox 1481 3615 1676 3678; x_wconf 90' lang='lat' dir='ltr'>parce</span> <span class='ocrx_word' id='word_1_286' title='bbox 1724 3592 2175 3670; x_wconf 89' lang='lat' dir='ltr'>adhibeantur,</span> <span class='ocrx_word' id='word_1_287' title='bbox 2220 3591 2416 3656; x_wconf 85' lang='lat' dir='ltr'>facile</span> <span class='ocrx_word' id='word_1_288' title='bbox 2461 3592 2769 3678; x_wconf 90' lang='lat' dir='ltr'>putidum</span> 
     </span>
     <span class='ocr_line' id='line_1_35' title="bbox 467 3686 2764 3777; baseline 0 -23"><span class='ocrx_word' id='word_1_289' title='bbox 467 3691 802 3776; x_wconf 84' lang='lat' dir='ltr'>quoddam</span> <span class='ocrx_word' id='word_1_290' title='bbox 857 3705 925 3755; x_wconf 89' lang='lat' dir='ltr'>et</span> <span class='ocrx_word' id='word_1_291' title='bbox 969 3692 1354 3756; x_wconf 91' lang='lat' dir='ltr'>arcessitum</span> <span class='ocrx_word' id='word_1_292' title='bbox 1401 3706 1468 3772; x_wconf 84' lang='lat' dir='ltr'>et</span> <span class='ocrx_word' id='word_1_293' title='bbox 1510 3692 1813 3757; x_wconf 90' lang='lat' dir='ltr'>inflatum</span> <span class='ocrx_word' id='word_1_294' title='bbox 1856 3692 2145 3757; x_wconf 88' lang='lat' dir='ltr'>habeant</span> <span class='ocrx_word' id='word_1_295' title='bbox 2173 3686 2244 3777; x_wconf 76' lang='lat'>³).</span> <span class='ocrx_word' id='word_1_296' title='bbox 2288 3731 2373 3741; x_wconf 92' lang='lat'>—-</span> <span class='ocrx_word' id='word_1_297' title='bbox 2415 3693 2764 3758; x_wconf 85' lang='lat' dir='ltr'>Rationem</span> 
     </span>
     <span class='ocr_line' id='line_1_36' title="bbox 467 3790 2769 3880; baseline 0 -26"><span class='ocrx_word' id='word_1_298' title='bbox 467 3791 809 3856; x_wconf 83' lang='lat' dir='ltr'>dividendi</span> <span class='ocrx_word' id='word_1_299' title='bbox 874 3793 1085 3856; x_wconf 88' lang='lat' dir='ltr'>secuti</span> <span class='ocrx_word' id='word_1_300' title='bbox 1160 3793 1224 3856; x_wconf 90' lang='lat' dir='ltr'>ei</span> <span class='ocrx_word' id='word_1_301' title='bbox 1287 3806 1655 3879; x_wconf 89' lang='lat' dir='ltr'>cognatam,</span> <span class='ocrx_word' id='word_1_302' title='bbox 1712 3816 1905 3878; x_wconf 90' lang='lat' dir='ltr'>quam</span> <span class='ocrx_word' id='word_1_303' title='bbox 1961 3816 2156 3880; x_wconf 88' lang='lat' dir='ltr'>supra</span> <span class='ocrx_word' id='word_1_304' title='bbox 2201 3793 2468 3880; x_wconf 69' lang='lat' dir='ltr'>protuli,</span> <span class='ocrx_word' id='word_1_305' title='bbox 2515 3790 2769 3877; x_wconf 88' lang='lat' dir='ltr'>antiqui</span> 
     </span>
     <span class='ocr_line' id='line_1_37' title="bbox 465 3891 2771 3980; baseline -0 -23"><span class='ocrx_word' id='word_1_306' title='bbox 465 3891 762 3957; x_wconf 90' lang='lat' dir='ltr'>rhetores</span> <span class='ocrx_word' id='word_1_307' title='bbox 832 3906 900 3956; x_wconf 91' lang='lat' dir='ltr'>et</span> <span class='ocrx_word' id='word_1_308' title='bbox 951 3893 1361 3978; x_wconf 85' lang='lat' dir='ltr'>grammatici</span> <span class='ocrx_word' id='word_1_309' title='bbox 1405 3915 1616 3979; x_wconf 87' lang='lat' dir='ltr'>paene</span> <span class='ocrx_word' id='word_1_310' title='bbox 1663 3917 1796 3958; x_wconf 92' lang='lat' dir='ltr'>uno</span> <span class='ocrx_word' id='word_1_311' title='bbox 1844 3917 2174 3959; x_wconf 91' lang='lat' dir='ltr'>consensu</span> <span class='ocrx_word' id='word_1_312' title='bbox 2219 3907 2528 3980; x_wconf 87' lang='lat' dir='ltr'>quattuor</span> <span class='ocrx_word' id='word_1_313' title='bbox 2570 3905 2771 3957; x_wconf 84' lang='lat' dir='ltr'>meta-</span> 
     </span>
    </p>
   </div>
   <div class='ocr_carea' id='block_1_5' title="bbox 461 4005 868 4020">
    <p class='ocr_par' dir='ltr' id='par_1_5' title="bbox 461 4005 868 4020">
     <span class='ocr_line' id='line_1_38' title="bbox 461 4005 868 4020; baseline 0 822"><span class='ocrx_word' id='word_1_314' title='bbox 461 4005 868 4020; x_wconf 95' lang='lat' dir='ltr'> </span> 
     </span>
    </p>
   </div>
   <div class='ocr_carea' id='block_1_6' title="bbox 603 4071 1680 4304">
    <p class='ocr_par' dir='ltr' id='par_1_6' title="bbox 603 4071 1680 4304">
     <span class='ocr_line' id='line_1_39' title="bbox 605 4071 1015 4137; baseline -0.002 -17"><span class='ocrx_word' id='word_1_315' title='bbox 605 4071 648 4137; x_wconf 84' lang='grc' dir='ltr'>ι)</span> <span class='ocrx_word' id='word_1_316' title='bbox 684 4073 746 4121; x_wconf 84' lang='lat' dir='ltr'>n.</span> <span class='ocrx_word' id='word_1_317' title='bbox 785 4074 862 4131; x_wconf 85' lang='lat'>19,</span> <span class='ocrx_word' id='word_1_318' title='bbox 901 4073 1015 4120; x_wconf 84' lang='lat'>362.</span> 
     </span>
     <span class='ocr_line' id='line_1_40' title="bbox 603 4156 1263 4220; baseline 0 -16"><span class='ocrx_word' id='word_1_319' title='bbox 603 4156 650 4220; x_wconf 85' lang='lat'>²)</span> <span class='ocrx_word' id='word_1_320' title='bbox 687 4157 749 4205; x_wconf 84' lang='lat' dir='ltr'>n.</span> <span class='ocrx_word' id='word_1_321' title='bbox 790 4158 868 4215; x_wconf 89' lang='lat'>11,</span> <span class='ocrx_word' id='word_1_322' title='bbox 907 4156 1026 4214; x_wconf 83' lang='lat'>574;</span> <span class='ocrx_word' id='word_1_323' title='bbox 1065 4157 1144 4213; x_wconf 84' lang='lat'>21,</span> <span class='ocrx_word' id='word_1_324' title='bbox 1184 4157 1263 4206; x_wconf 88' lang='grc'>70.</span> 
     </span>
     <span class='ocr_line' id='line_1_41' title="bbox 604 4238 1680 4304; baseline 0 -15"><span class='ocrx_word' id='word_1_325' title='bbox 604 4238 651 4304; x_wconf 78' lang='lat'>⁸)</span> <span class='ocrx_word' id='word_1_326' title='bbox 684 4240 959 4298; x_wconf 74' lang='lat' dir='ltr'>VISOEBR,</span> <span class='ocrx_word' id='word_1_327' title='bbox 995 4238 1274 4287; x_wconf 81' lang='lat' dir='ltr'>Aesthetik</span> <span class='ocrx_word' id='word_1_328' title='bbox 1309 4239 1408 4304; x_wconf 90' lang='lat'>111,</span> <span class='ocrx_word' id='word_1_329' title='bbox 1443 4256 1492 4304; x_wconf 90' lang='lat' dir='ltr'>p.</span> <span class='ocrx_word' id='word_1_330' title='bbox 1533 4242 1680 4291; x_wconf 84' lang='lat'>1229.</span> 
     </span>
    </p>
   </div>
  </div>
 </body>
</html>
