3134 4842
2537 216 2622 279 25

405 385 602 451 terire
647 384 991 471 inciperet,
1037 385 1424 470 praesertim
1466 385 1633 450 tales
1664 384 2127 449 translationes
2157 382 2503 469 placuisse,
2537 405 2709 468 quae

406 509 444 550 a
506 486 701 550 rebus
766 484 1060 563 remotis,
1125 485 1504 572 incognitis,
1574 484 1887 550 obsoletis
1954 496 2355 571 peterentur.
2460 483 2713 548 Nostra

406 600 619 651 aetate
686 609 903 672 neque
971 585 1039 649 in
1109 588 1556 651 monumentis
1623 586 1959 650 literarum
2020 608 2235 670 neque
2279 584 2351 648 in
2396 606 2705 648 sermone

402 686 751 753 hominum
807 685 1215 752 humanitate
1260 687 1622 772 politorum
1667 699 1846 751 certa
1891 684 2210 771 quaedam
2255 707 2503 771 genera
2544 685 2710 748 ima-

403 788 632 876 ginum
710 787 1011 851 invenire
1078 810 1449 874 possumus,
1516 788 1751 873 quibus
1816 786 1924 851 vel
1990 785 2234 873 singuli
2298 784 2530 872 populi
2593 785 2709 850 vel

406 888 652 975 singuli
715 887 1020 953 homines
1073 910 1229 974 prae
1276 889 1513 954 ceteris
1556 900 1843 953 utantur.
1933 886 2135 971 Cujus
2178 887 2278 950 rei
2321 909 2515 950 causa
2558 885 2706 950 sine

405 989 606 1054 dubio
676 1000 776 1054 est
839 988 1004 1053 haec
1071 989 1430 1074 aequabilis
1498 1001 1564 1053 et
1631 988 1843 1052 omnis
1903 987 2165 1074 generis
2212 987 2528 1064 doctrina,
2576 1009 2710 1072 qua

404 1113 581 1154 nunc
624 1089 826 1176 vulgo
874 1102 1028 1154 sunt
1069 1089 1309 1154 imbuti
1349 1088 1689 1167 homines;
1736 1111 1901 1174 quae
1948 1111 2173 1153 secum
2218 1087 2367 1164 fert,
2398 1099 2480 1152 ut'
2500 1110 2705 1172 quum

404 1190 474 1253 in
519 1190 663 1254 aliis
706 1191 902 1254 rebus
945 1203 1088 1254 tum
1131 1190 1202 1254 in
1241 1213 1544 1255 sermone
1578 1190 1823 1254 multae
1857 1187 2425 1253 dissimilitudines
2459 1188 2710 1252 exstin-

405 1302 705 1376 guantur.
790 1292 887 1355 At
929 1291 986 1355 si
1031 1290 1176 1376 quis
1222 1291 1512 1355 animum
1557 1289 1929 1366 attenderit,
1977 1312 2107 1375 quo
2154 1289 2354 1353 modo
2394 1287 2709 1353 homines

407 1391 487 1455 de
531 1391 726 1478 plebe
770 1387 1154 1476 loquantur,
1194 1392 1494 1456 inveniet
1523 1415 1637 1455 eos
1671 1415 1871 1477 quum
1906 1390 2178 1454 omnino
2209 1390 2531 1475 imagines
2559 1402 2706 1454 tum

403 1491 787 1578 praesertim
832 1490 1247 1578 metaphoras
1291 1505 1358 1556 et
1401 1493 1611 1574 multo
1659 1492 1918 1578 saepius
1951 1514 2145 1576 quam
2174 1490 2376 1576 vulgo
2408 1490 2708 1555 eruditos

404 1591 712 1657 adhibere
760 1606 828 1657 et
871 1616 957 1657 ex
1000 1593 1194 1657 rebus
1242 1593 1367 1657 sibi
1412 1593 1891 1657 maximecaris
1923 1605 1991 1656 et
2020 1591 2303 1677 cognitis
2336 1590 2709 1669 desumere,

405 1693 576 1757 sicut
645 1692 918 1780 opifices
974 1716 1059 1757 ex
1103 1716 1223 1757 suo
1271 1717 1597 1779 quemque
1643 1692 1942 1758 artificio.
2030 1691 2125 1756 Ut
2167 1692 2248 1755 ad
2290 1691 2707 1776 Aeschylum

403 1807 711 1873 revertar,
756 1794 912 1859 satis
957 1806 1217 1859 constat
1260 1817 1338 1858 ea
1380 1807 1612 1873 aetate,
1644 1817 1773 1880 qua
1798 1794 1912 1858 ille
1944 1792 2240 1869 florebat,
2272 1791 2706 1878 scriptionem

404 1894 702 1959 nondum
768 1918 806 1959 a
862 1893 1191 1981 Sophistis
1238 1895 1319 1960 ad
1364 1908 1569 1959 artem
1616 1908 1684 1959 et
1724 1906 2076 1981 praecepta
2118 1915 2261 1956 esse
2306 1904 2708 1958 revocatam.

404 1994 642 2059 Omnia
683 1995 755 2059 in
800 2018 880 2060 eo
928 1995 1134 2081 magis
1181 2008 1335 2060 sunt
1377 2008 1645 2060 naturae
1693 2019 1887 2081 quam
1931 1995 2106 2059 artis.
2193 1993 2371 2057 Hinc
2414 2005 2568 2056 nata
2601 2005 2712 2058 est

403 2095 647 2160 fabella
687 2096 805 2160 illa
846 2097 925 2161 ab
970 2095 1322 2161 Athenaeo
1355 2097 1612 2175 tradita,
1647 2096 2049 2183 Sophoclem
2080 2093 2420 2179 Aeschylo
2454 2092 2706 2158 dixisse

405 2218 576 2274 eum,
625 2197 883 2261 etiamsi
925 2210 1106 2262 recta
1148 2197 1414 2276 faceret,
1460 2220 1539 2261 ea
1580 2210 1803 2261 tamen
1845 2196 2335 2283 imprudentem
2378 2194 2595 2259 faeere
2628 2188 2708 2280 ¹).

407 2296 601 2375 Quod
668 2296 936 2382 quidem
1003 2321 1205 2384 quum
1268 2298 1340 2362 in
1395 2310 1540 2363 toto
1588 2320 1831 2383 genere
1879 2297 2144 2362 dicendi
2189 2297 2332 2381 ejus
2379 2308 2707 2373 cernatur,

404 2411 546 2462 tum
612 2398 811 2462 etiam
865 2398 1021 2462 inde
1068 2411 1354 2485 apparet,
1401 2398 1581 2484 quod
1623 2398 1966 2484 imagines,
2013 2420 2170 2483 quas
2218 2396 2502 2461 orationi
2547 2418 2704 2460 suae

404 2497 658 2575 inserit,
724 2498 1074 2563 maximam
1139 2512 1393 2586 partem
1458 2522 1543 2563 ex
1609 2499 1948 2563 communi
2001 2496 2481 2563 consuetudine
2526 2496 2741 2580 vitae-

407 2596 921 2663 Atheniensium
965 2613 1264 2686 sumptae
1310 2612 1482 2664 sunt.

575 2698 731 2762 Alia
784 2722 1045 2785 quoque
1093 2723 1288 2765 causa
1329 2699 1474 2765 fieri
1517 2711 1762 2786 potest,
1806 2713 1881 2764 ut
1921 2697 2254 2763 interdum
2296 2697 2619 2782 imagines
2667 2720 2711 2761 a

407 2798 602 2863 rebus
669 2799 886 2865 minus
942 2801 1226 2887 cognitis
1282 2800 1623 2866 ducantur.
1707 2800 1863 2864 Non
1906 2821 2052 2864 raro
2100 2796 2279 2861 enim
2307 2797 2582 2875 accidit,
2628 2810 2711 2863 ut

404 2897 730 2977 homines,
796 2913 1148 2987 postquam
1212 2902 1431 2988 imago
1501 2902 1821 2987 quaedam
1886 2901 1957 2964 in
2029 2898 2446 2984 frequentem
2507 2921 2704 2962 usum

403 3001 607 3079 venit,
654 3024 797 3066 eam
843 3003 1040 3066 etiam
1082 3015 1242 3067 tunc
1274 3002 1646 3080 adhibeant,
1678 3024 1881 3087 quum
1910 3002 2055 3088 ipsa
2080 3022 2204 3077 res,
2235 2999 2411 3063 unde
2443 3010 2712 3085 sumpta

405 3115 523 3179 est,
569 3103 690 3166 sub
736 3116 1074 3188 aspectum
1121 3102 1351 3168 cadere
1399 3101 1615 3167 desiit.
1701 3103 1803 3167 Ita
1844 3099 2220 3186 Aeschylus
2266 3122 2460 3186 saepe
2492 3099 2710 3164 fortes

401 3202 580 3266 viros
626 3226 777 3267 cum
819 3203 1133 3269 leonibus
1174 3217 1537 3290 comparat;
1584 3217 1651 3268 at
1690 3204 1807 3267 vix
1852 3201 2191 3289 probabile
2236 3213 2336 3265 est
2363 3200 2594 3264 leones
2630 3199 2704 3264 id

401 3303 720 3391 temporis
762 3303 835 3367 in
879 3303 1105 3370 Attica
1149 3304 1384 3383 fuisse3
1440 3304 1719 3369 fortasse
1763 3302 1894 3368 hoc
1939 3301 2180 3367 animal
2223 3324 2306 3365 ne
2351 3301 2521 3366 vidit
2563 3301 2708 3387 qui-

404 3404 554 3468 dem
599 3427 930 3490 umquam.
1017 3405 1149 3470 Sed
1188 3404 1346 3470 inde
1387 3406 1466 3470 ab
1510 3427 1592 3469 eo
1632 3417 1953 3491 tempore,
1985 3425 2116 3488 quo
2147 3402 2378 3467 leones
2406 3402 2478 3466 in
2507 3402 2706 3467 terris

405 3527 441 3568 a
482 3503 746 3569 Graecis
778 3504 1049 3570 incultis
1079 3506 1606 3583 inveniebantur,
1637 3505 1840 3570 moris
1871 3504 2019 3582 fuit,
2050 3515 2143 3580 ut,
2174 3503 2702 3588 quotiescunque

402 3604 674 3670 insolita
717 3604 1039 3690 quaedam
1084 3606 1408 3671 fortitudo
1453 3606 1562 3670 vel
1607 3605 1918 3670 ferocitas
1958 3617 2097 3668 erat
2126 3603 2533 3681 declaranda,
2564 3603 2706 3668 leo-

403 3727 556 3768 nem
622 3706 1064 3771 nominarent.
1150 3706 1211 3771 N
1219 3730 1306 3770 on
1352 3706 1627 3771 dubium
1672 3718 1792 3784 est,
1839 3705 1999 3791 quin
2042 3702 2415 3789 Aeschylus
2462 3704 2704 3768 multas

405 3805 735 3889 ejusmodi
779 3806 1176 3886 locutiones,
1223 3829 1388 3893 quae
1433 3807 1506 3870 in
1552 3829 1665 3871 ore
1698 3807 1943 3871 civium
1975 3806 2116 3890 ejus
2152 3804 2485 3890 vigebant,
2517 3827 2706 3869 usur-

401 3905 676 3991 paverit.
754 3906 906 3972 Hoc
961 3907 1211 3973 aditum
1255 3906 1450 3972 nobis
1496 3920 1682 3993 parat
1724 3907 1806 3971 ad
1848 3930 1989 3971 rem
2035 3904 2708 3983 commemorandam,

541 4082 585 4149 ¹)
619 4083 688 4143 X,
722 4099 775 4147 p.
800 4086 897 4137 428
931 4086 994 4135 F:
1029 4080 1268 4153 μεθύων
1289 4085 1436 4155 γοῦν
1458 4083 1675 4153 ἔγραφε
1698 4080 1796 4142 τὰς
1817 4082 2147 4153 τραγῳδίας.
2175 4079 2263 4136 διὸ
2289 4084 2382 4135 καὶ
2405 4083 2708 4151 Σοφοκλῆς

401 4162 551 4233 αὐτῷ
595 4157 971 4234 μεμφόμενος
1005 4166 1213 4237 ἔλεγεν,
1250 4166 1354 4237 ὅτι,
1392 4155 1436 4220 ὦ
1471 4163 1737 4238 Αἰσχύλε,
1778 4167 1826 4220 εἰ
1858 4168 1953 4219 καὶ
1988 4162 2053 4219 τὰ
2091 4165 2291 4220 δέοντα
2328 4170 2526 4234 ποιεῖς,
2564 4162 2702 4219 ἀλλ’

401 4238 507 4303 οὖν
540 4247 647 4303 οὐκ
684 4244 846 4309 εἰδώς
879 4268 945 4320 γε
985 4255 1184 4311 ποιεῖς.
