3134 4842
2567 234 2647 296 53

441 399 592 483 217)
659 391 1130 496 ἀμφιλαφής,
1176 411 1594 483 p1·aepotenS‚
1656 398 2075 462 scribendum
2124 423 2264 463 esse
2314 401 2602 483 conjicit.
2648 439 2731 449 -—

442 503 505 561 A
556 493 868 564 θάλλειν
913 523 1046 561 non
1093 499 1371 562 multum
1419 497 1639 561 differt
1683 492 1965 587 βρύειν,
2012 514 2078 563 et
2120 500 2336 586 ipsum
2376 500 2456 563 de
2488 502 2727 586 plantis

438 601 776 663 luxuriose
849 600 1294 663 crescentibus
1359 599 1728 684 proprium3
1808 623 2004 685 quare
2073 602 2154 663 ad
2219 602 2354 664 vim
2422 604 2728 679 ubertatis,

438 701 850 765 abundantiae
915 700 1335 764 indicandam
1403 715 1626 785 aptum
1697 714 1814 764 est.
1921 701 2012 764 Ut
2058 701 2183 764 alia
2225 701 2419 786 hujus
2466 704 2727 789 generis

439 803 657 879 verba,
704 796 965 888 βρύειν
1010 801 1377 887 genitivum
1422 801 1613 886 regit,
1660 824 1777 886 pro
1825 824 1954 885 quo
1991 817 2212 865 tamen
2242 803 2440 866 etiam
2473 804 2728 868 dativus

439 903 980 979 instrumentalis,
1013 902 1125 987 qui
1153 915 1443 975 vocatur,
1475 901 1636 986 poni
1662 914 1900 987 potest.
1948 902 2245 989 Choeph.
2277 905 2387 967 69:
2431 899 2734 992 διαλγὴς

440 996 674 1069 ὸ“’ἆ’τα
738 998 1076 1097 διαφέρει
1150 996 1282 1068 τὸν
1344 1000 1587 1067 αἴτιον
1647 1002 2108 1088 παναρκέτας
2159 998 2391 1070 νόσου
2455 999 2730 1096 βρύειν,

442 1116 506 1168 at
549 1108 813 1169 satietate
856 1104 1161 1168 malorum
1197 1104 1477 1168 abundet.
1540 1102 1767 1187 Suppl.
1800 1104 1952 1168 966:
1984 1096 2124 1169 α’λλ
2148 1096 2169 1121 '
2195 1097 2369 1171 ἄντ’
2403 1097 2733 1192 ἀγαθοῖν

440 1198 808 1296 ἀγαθοῖσι
861 1198 1146 1297 βρύοις.
1247 1204 1354 1269 Fr.
1404 1205 1556 1268 281:
1619 1198 1704 1270 τὸ
1766 1198 2061 1286 Φοίβου
2115 1200 2361 1291 στόμα
2410 1210 2736 1301 μαντικῇ

440 1301 682 1396 βρύον
709 1306 1039 1399 τέχνῃ.-
1062 1306 1339 1391 Perapte
1363 1305 1486 1369 hac
1513 1305 1801 1392 imagine
1831 1306 2025 1369 nimis
2049 1307 2443 1371 luxuriantis
2469 1310 2731 1395 plantae

439 1410 801 1473 illustratur
845 1408 1099 1471 animus
1148 1385 1548 1492 superbiensl
1581 1420 1647 1469 et
1690 1406 1885 1469 nimis
1933 1431 2001 1470 se
2056 1408 2356 1472 efferens.
2442 1412 2570 1498 Ag.
2613 1412 2732 1476 169

442 1512 521 1573 de
570 1511 882 1573 Saturno:
929 1500 1311 1594 παμμάχῳ
1352 1500 1626 1596 θράσει
1662 1500 1944 1593 βρύων.
2038 1508 2263 1595 Suppl.
2295 1512 2447 1574 877:
2494 1505 2736 1597 λύμας

443 1602 540 1686 ιεἷς
593 1606 681 1678 σὺ
734 1603 882 1700 πρὸ
937 1610 1076 1696 γᾶς
1128 1602 1475 1674 ὑλάσκων
1516 1603 1987 1699 περιχαμπτὰ
2031 1604 2396 1698 βρυάζεις.
2498 1612 2734 1691 Quam-

448 1736 643 1797 quam
688 1725 905 1775 cetera
944 1710 1139 1794 hujus
1183 1710 1314 1774 loci
1357 1711 1560 1774 verba
1603 1710 1838 1774 misere
1885 1724 2192 1797 corrupta
2235 1726 2406 1789 sunt,
2451 1738 2586 1777 non
2636 1729 2737 1779 est

448 1829 687 1890 tamen,
763 1813 939 1897 quod
1007 1811 1086 1874 de
1153 1812 1425 1875 veritate
1495 1811 1853 1897 scripturae
1918 1805 2263 1900 βρυάζεις
2336 1813 2732 1879 dubitemus.

445 1914 854 1977 Vertendum
919 1935 1062 1975 esse
1108 1913 1396 1976 videtur:
1462 1924 1517 1977 te
1546 1913 1769 1998 jactas,
1813 1913 2137 1977 insolenter
2179 1925 2232 1977 te
2269 1918 2454 1999 yeris.
2544 1914 2734 1979 Com·

440 2013 861 2079 memoranda
907 2026 1007 2077 est
1051 2013 1243 2077 etiam
1295 2014 1631 2077 adnotatio
1662 2013 2014 2099 Hesychii:
2046 2008 2512 2103 βρυαζούσης
2537 2014 2735 2082 λεαί-

438 2137 600 2204 νηςε
651 2111 727 2182 ἐν
778 2107 1225 2199 Λθάμαντι,
1280 2107 1849 2202 ἀκμαζούσης-ἢ
1895 2109 2325 2203 ἐγκύμονος.
2397 2116 2731 2182 Incertum

440 2233 539 2282 est
583 2232 824 2293 tamen,
870 2231 1090 2280 utrum
1135 2215 1261 2278 hoc
1309 2240 1392 2279 ex
1438 2216 1840 2279 Athamante
1887 2215 2207 2302 Aeschyli
2254 2240 2333 2280 an
2384 2217 2731 2304 Sophoclis

440 2334 772 2404 sumptum
846 2318 948 2382 sit.
1061 2316 1149 2380 Et
1211 2317 1310 2379 vis
1377 2318 1587 2392 validi,
1654 2319 1885 2381 robusti
1944 2311 2465 2406 (ἀκμαζούσης)
2524 2333 2590 2383 et
2632 2320 2732 2382 vis

440 2422 838 2505 praeynantis
881 2413 1344 2506 (ἐγκύμονος)
1382 2418 1551 2480 bene
1594 2442 1678 2479 ex
1715 2418 2024 2503 primaria
2069 2418 2550 2504 significatione
2581 2421 2733 2483 duci

442 2544 633 2606 posse
713 2521 993 2596 videtur,
1069 2542 1459 2604 quamquam
1527 2532 1761 2581 neutra
1822 2519 1948 2581 alio
2019 2520 2348 2604 exemp10,
2417 2536 2733 2605 qua-ntum

445 2622 599 2698 scic,
647 2620 1087 2684 confirmatur.

611 2725 638 2805 ξ
670 2725 727 2785 3.
774 2721 957 2784 Nihil
989 2735 1089 2784 est
1119 2720 1325 2805 magis
1357 2719 1583 2782 tritum
1615 2734 1680 2781 et
1704 2719 2162 2806 pervulgatum
2193 2743 2386 2804 quam
2413 2746 2487 2784 ea
2511 2723 2730 2798 verba,

443 2846 607 2907 quae
653 2822 913 2909 proprie
962 2822 1039 2884 ad
1083 2824 1452 2885 incrementa
1493 2821 1864 2905 plantarum
1908 2818 2285 2883 referuntur
2315 2836 2381 2885 et
2407 2822 2731 2907 prosilire,

442 2925 951 3010 progerminarc,
999 2921 1239 2985 similia
1303 2920 1699 3006 significant,
1768 2922 1844 2984 ad
1906 2922 2062 2985 alias
2124 2923 2450 3006 quaslibet
2493 2946 2594 2986 res
2641 2924 2732 2987 ita

440 3025 796 3100 transferri,
865 3038 937 3087 ut
996 3022 1265 3086 omnino
1311 3022 1654 3085 notionem
1699 3025 2008 3098 nascendi,
2052 3025 2293 3086 oriendi
2338 3024 2729 3109 exprimant.

437 3126 785 3189 Latissime
834 3138 1015 3210 patet
1058 3122 1407 3186 translatus
1453 3147 1608 3186 usus
1655 3125 1840 3187 verbi
1888 3117 2141 3215 φύεινς
2181 3124 2291 3208 qui
2325 3147 2524 3209 quum
2558 3113 2730 3210 apud

440 3250 667 3289 omnes
742 3249 874 3288 non
956 3225 1154 3287 modo
1238 3223 1554 3309 poeticae,
1625 3225 1741 3288 sed
1808 3226 2005 3288 etiam
2083 3225 2336 3287 solutae
2415 3225 2728 3289 orationis

441 3328 790 3412 scriptores
867 3325 1291 3412 pervulgatus
1372 3325 1473 3400 sit,
1556 3349 1773 3401 nemo,
1843 3326 2095 3411 opinor,
2173 3325 2591 3403 desiderabit,
2657 3342 2731 3390 ut

441 3428 660 3490 omnia
727 3428 868 3511 ejus
937 3425 1262 3511 exempla,
1332 3448 1496 3509 quac
1566 3426 1738 3511 apud
1806 3426 2214 3511 Aeschylum
2280 3426 2727 3503 inveniuntur,

439 3527 724 3591 afferam.
813 3527 962 3590 Non
1010 3541 1229 3590 tamen
1275 3527 1754 3610 praetereunda
1801 3550 1944 3590 esse
1993 3549 2231 3590 censeo
2278 3528 2597 3590 nonnulla
2645 3551 2729 3591 ex

436 3622 650 3726 φύειν
688 3628 1056 3715 composita
1085 3626 1424 3703 vocabula,
1457 3627 1524 3689 in
1559 3628 1795 3712 quibus
1828 3628 2135 3714 primaria
2167 3626 2562 3711 significatio
2594 3653 2726 3692 non

435 3752 698 3813 prorsus
747 3729 1075 3793 exstincta
1116 3727 1396 3790 videtur.
1485 3727 1910 3811 Adjectivum
1959 3723 2345 3826 σύμφυτος
2372 3729 2660 3814 imagine
2694 3753 2729 3790 a

440 3830 677 3914 plantis
724 3831 832 3893 vel
878 3829 1175 3905 surculis,
1224 3829 1334 3912 qui
1367 3828 1771 3905 coaluerunt,
1804 3831 2084 3914 repetita
2116 3828 2384 3891 omnino
2419 3830 2498 3892 dc
2531 3829 2727 3892 rebus

437 3930 799 3993 arctissime
869 3929 1239 4014 conjunctis
1308 3928 1565 3991 dicitur.
1656 3932 1783 4015 Ag.
1856 3932 2006 3994 105:
2074 3930 2176 3997 ἔτι
2232 3922 2378 4018 γὰρ
2435 3922 2729 3995 θεόθεν

433 4031 849 4096 καταπνείει
894 4024 1144 4096 πειθώ
1187 4026 1493 4113 μολπᾶν
1535 4021 1730 4115 ἀλκᾷ
1772 4023 2164 4124 σύμφυτος
2193 4024 2403 4095 αἰών.
2480 4030 2725 4093 Etiam-

434 4157 594 4195 nunc
639 4135 800 4195 enim
844 4133 1139 4194 divinitus
1185 4131 1336 4194 mihi
1377 4131 1640 4193 suadam
1686 4135 2032 4196 carminum
2074 4135 2341 4218 inspirat
2383 4142 2545 4194 aetas
2588 4155 2727 4194 eum

432 4235 646 4298 robore
710 4233 1047 4317 conjuncta.
1113 4270 1196 4279 —
1263 4232 1371 4294 Ad
1429 4231 1789 4295 discordias
1846 4234 1915 4295 in
1962 4234 2156 4297 domo
2204 4232 2725 4319 Agamemnonis
