3134 4842
508 178 587 285 8'2

427 357 779 429 comparat,
847 343 1037 427 »quia
1103 355 1326 406 taurus
1395 355 1461 406 et
1524 365 1724 405 vacca
1787 343 2041 406 amoris‘
2094 342 2373 407 stimulis
2438 342 2712 407 excitati

428 445 730 508 cornibus
800 465 867 507 se
937 466 1055 528 per
1118 444 1335 507 lusum
1399 455 1625 528 petere
1695 442 1947 507 solent»
2015 443 2318 528 (Herm„).
2419 443 2708 527 Majores

428 545 620 609 etiam
681 543 1104 607 difficultates
1152 543 1495 629 epitheton
1533 541 1971 632 μελαγκέρῳ
2013 543 2480 630 interpretibus
2526 542 2707 607 fecit.

427 646 526 709 De
576 667 654 708 eo
701 644 928 707 Herm.
977 644 1070 708 sic
1117 645 1433 730 disputat:
1490 644 1837 729 »quoniam
1883 644 2053 707 tauri
2100 658 2166 708 et
2208 667 2441 708 vaccae
2489 644 2710 730 appel-

427 746 672 810 latione
718 768 835 808 usa
880 758 1036 823 erat,
1081 743 1392 808 transfert
1436 767 1680 808 cornua
1725 745 1807 808 ad
1849 744 1937 822 id,
1984 746 2063 808 de
2112 768 2240 830 quo
2283 744 2543 831 proprie
2576 745 2705 809 dici

428 870 559 911 non
618 860 994 932 potuerunt,
1040 869 1174 908 non
1217 859 1439 909 tamen
1484 858 1558 909 ut
1604 845 1806 910 solam
1855 859 2127 924 vestem,
2173 847 2287 910 sed
2332 859 2406 909 ut
2448 845 2708 909 univer—

427 971 568 1010 sum
640 946 986 1010 occidendi
1045 946 1311 1009 modum
1373 946 1703 1032 designet:
1770 968 1966 1031 quare
2007 940 2478 1034 μηχανήματι
2525 946 2708 1022 dicit,

428 1048 612 1132 quasi
671 1041 877 1133 nigris
935 1047 1266 1124 cornibus,
1312 1047 1404 1110 sic
1447 1046 1689 1111 ictibus
1735 1045 1895 1109 ferri
1939 1048 2076 1132 peti
2119 1047 2304 1110 illum
2349 1047 2705 1111 indicans».

430 1148 558 1212 Sed
597 1141 1004 1233 μηχάνημα
1047 1148 1252 1233 nigris
1301 1147 1608 1211 cornibus
1652 1146 2039 1211 instructum
2085 1171 2320 1212 ¹vereor
2362 1171 2444 1211 ne
2479 1147 2712 1212 obscu-

427 1250 561 1313 rius
610 1263 676 1311 et
718 1248 1111 1312 insolentius
1159 1247 1407 1311 dictum
1456 1248 1559 1325 sit,
1603 1270 1794 1333 quam
1828 1260 1901 1311 ut
1932 1248 2126 1312 etiam
2157 1249 2225 1311 in
2258 1248 2383 1312 hoc
2413 1248 2706 1334 κομμῷ,

428 1349 684 1435 qui‘ab
743 1349 1095 1413 audacibus
1142 1348 1541 1435 metaphoris
1590 1349 1861 1412 minime
1907 1348 2231 1427 abhorret,
2277 1348 2437 1413 ferri
2479 1350 2714 1436 possit.

429 1450 663 1529 Quare,
709 1450 838 1512 nisi
881 1450 1149 1514 lubricis
1197 1462 1264 1512 et
1307 1473 1343 1512 a
1389 1449 1695 1513 codicum
1741 1449 2061 1535 scriptura
2102 1450 2300 1536 longe
2346 1451 2714 1522 recedenti·

426 1551 548 1615 bus
607 1550 1005 1635 conjecturis
1060 1550 1540 1636 indulgendum
1589 1563 1707 1626 est,
1753 1549 1919 1612 nihil
1963 1552 2153 1615 nobis
2200 1564 2417 1628 restat,
2463 1550 2590 1614 nisi
2634 1565 2718 1613 ut

430 1666 540 1714 aut
584 1674 731 1714 cum
779 1650 1157 1714 Wellauero
1205 1651 1562 1715 scribamus
1594 1647 2101 1743 μελαγκέρων,
2134 1653 2308 1737 quod
2342 1652 2419 1715 ad
2449 1664 2708 1715 taurum

428 1751 730 1829 refertur,
797 1767 910 1815 aut
966 1775 1120 1838 ,cum
1182 1750 1428 1815 Weilio
1468 1749 1974 1839 μελαγκέρωςς
2027 1776 2192 1837 quae
2236 1752 2435 1816 lectio
2480 1752 2714 1816 nescio

432 1877 512 1916 an
579 1876 657 1916 eo
725 1853 1240 1929 commendetur,
1301 1853 1478 1938 quod
1536 1852 1750 1937 aptius
1794 1852 2056 1915 videtur
2100 1876 2343 1917 cornua
2389 1854 2550 1937 ejus,
2598 1854 2716 1937 qui

429 1953 614 2039 petit,
687 1975 879 2037 quam
947 1954 1108 2037 ejuS‚
1166 1953 1279 2038 qui
1331 1953 1597 2039 petitur,
1644 1954 2160 2017 commemorari.
2250 1953 2458 2017 Simul
2502 1953 2596 2016 sic
2638 1954 2710 2016 in

424 2051 900 2141 μελαγκέρως
962 2053 1139 2116 inest
1204 2053 1600 2139 significatio
1669 2054 1987 2138 quaedam
2055 2054 2315 2118 consilii
2378 2066 2708 2139 tamquam

431 2155 551 2218 atri
618 2154 1177 2239 Clyt-aemnestrae
1235 2168 1302 2217 et
1345 2154 1485 2238 ejus
1533 2154 1939 2217 crudelitatis
1984 2156 2203 2218 animi.
2248 2194 2354 2225 -.
2375 2153 2714 2241 Epaphus,

431 2255 581 2340 quia
627 2278 712 2318 ex
755 2254 916 2317 Ione
962 2254 1030 2317 in
1076 2277 1342 2318 vaccam
1399 2267 1647 2319 mutata
1691 2268 1880 2318 natus
1928 2268 2083 2332 erat,
2129 2256 2373 2319 vitulus
2417 2268 2717 2332 vocatur,

434 2378 829 2442 quamquam
875 2354 1016 2440 ipse
1063 2353 1338 2442 figuram
1383 2354 1735 2418 humanam
1781 2354 2079 2421 habebat.
2170 2356 2396 2443 Suppl.
2423 2342 2535 2421 4'2:
2581 2355 2713 2421 νῦν

429 2452 478 2523 δ
489 2449 1033 2542 ’ἐπικεκλομένα
1076 2451 1264 2525 Δῖον
1304 2449 1593 2546 πόρτιν.
1661 2457 1814 2522 313;
1863 2459 1966 2533 τίς
2008 2440 2143 2524 οὖν
2174 2452 2217 2523 ὁ
2248 2451 2428 2533 Δῖος
2454 2450 2722 2545 πόρτις

433 2554 719 2644 εὔχεται
770 2550 995 2637 ,Horis-,⁰
1088 2600 1097 2612 ·

603 2658 827 2744 Suppl.
875 2660 997 2722 349
1041 2657 1372 2721 Danaides
1420 2681 1488 2722 se
1537 2682 1685 2723 cum
1724 2660 2009 2742 juvenca
2055 2673 2434 2745 comparant
2478 2682 2514 2722 a
2550 2660 2718 2745 lupo

435 2774 593 2835 acta,
663 2779 826 2844 quae
893 2759 958 2822 in
1030 2759 1203 2822 saxis
1262 2760 1629 2845 praeruptis
1689 2759 2006 2822 auxilium
2053 2782 2319 2844 sperans
2365 2760 2594 2846 mugit,
2639 2773 2724 2823 ut

433 2860 680 2947 pastori
723 2858 979 2923 labores
1028 2883 1179 2923 suos
1223 2860 1516 2924 nuntiet:

737 3005 841 3076 ἴδε
896 3029 987 3075 ιιε
1040 3003 1175 3074 τὰν
1224 3008 1443 3075 ἱκέτιν
1496 3003 1805 3103 φυγάδα
1855 3006 2333 3101 περίδρομον,

738 3107 1240 3177 λυκοδίωκτον
1294 3104 1396 3186 ὥς
1449 3105 1769 3197 δάμαλιν
1821 3104 1927 3196 ἂμ
1978 3111 2275 3202 πέτραις

735 3204 1142 3300 ἠλιβάτοις,
1195 3203 1502 3298 ἵν’άλκᾷ
1550 3213 1854 3288 πίσυνος
1898 3211 2175 3298 μέμυκε

737 3306 1128 3412 φράζουσα
1178 3310 1446 3405 βοτῆρι
1492 3306 1867 3400 μόχθους.

436 3467 565 3551 Ag.
634 3466 795 3529 1298
866 3463 1102 3528 chorus
1170 3464 1621 3543 Cassandram,
1689 3488 1887 3550 quum
1956 3465 2222 3530 domum
2281 3465 2545 3551 regiam,
2597 3463 2720 3528 ubi

440 3579 715 3629 mortem
789 3588 857 3629 se
917 3579 1299 3652 exspectare
1358 3589 1741 3652 persuasum
1785 3565 2003 3645 habet,
2046 3567 2418 3653 ingressura
2462 3578 2580 3643 est,
2624 3565 2725 3630 ita

438 3668 829 3753 interrogat:
896 3667 1057 3742 πῶς
1112 3660 1496 3753 θεηλάτου
1546 3660 1736 3748 βοὸς
1787 3662 1990 3753 δίκην
2039 3660 2228 3754 πρὸς
2276 3659 2547 3751 βωμὸν
2599 3657 2720 3732 εὐ-

449 3760 740 3853 τόλμως
787 3773 1071 3847 πατεῖς;
1112 3768 1371 3844 Vaccae
1418 3767 1498 3830 ad
1535 3767 2057 3832 immolationem
2090 3768 2452 3832 destinatae
2484 3766 2722 3832 similis

440 3882 558 3946 est,
606 3890 770 3953 quae
815 3891 951 3931 non
994 3869 1062 3931 vi
1106 3891 1320 3953 neque
1365 3868 1694 3932 reluctans
1741 3867 2155 3954 protrahitur,
2202 3868 2315 3931 sed
2348 3867 2722 3932 voluntarie

442 3971 523 4034 ad
567 3993 739 4033 aram
786 3968 1117 4054 procedit;
1165 3970 1343 4054 quod
1387 3968 1570 4033 felici
1617 3970 1837 4033 omino
1884 3981 1950 4032 et
1994 3967 2119 4032 diis
2149 3967 2308 4053 ipsis
2341 3968 2723 4033 auctoribus

443 4069 584 4133 fieri
629 4070 1006 4156 putabatur3
1051 4069 1207 4132 inde
1260 4064 1649 4158 θεήλατος.
