3134 4842
2566 249 2647 311 41

441 429 813 503 usurpatur,
860 416 939 479 de
980 415 1360 502 cupiditate,
1394 414 1777 501 saepissime
1814 437 2056 493 amore,
2091 414 2381 479 animum
2418 415 2739 502 paulatim

443 517 771 581 exedente
818 516 1119 603 ponitur;
1165 516 1343 601 quod
1390 516 1467 580 ab
1513 516 1710 601 hujus
1755 514 1889 579 loci
1936 516 2266 579 sententia
2299 515 2588 580 alienum
2613 530 2732 582 est.

444 616 654 695 Quare
701 616 1152 681 melius'mihi
1192 617 1456 681 videtur
1500 640 1648 681 cum
1695 616 2079 680 Hermanno
2128 616 2412 680 scribere
2460 615 2739 704 τεθηγ-

437 717 661 801 μένος
709 718 998 805 imagine
1044 740 1082 780 a
1124 716 1299 781 ferro
1346 718 1646 781 acuendo
1692 717 1918 803 petita,
1969 739 2134 802 quae
2179 716 2260 781 de
2306 718 2528 782 animo
2565 717 2743 782 irato

441 819 867 884 usitatissima
923 830 1042 882 est.
1093 856 1179 866 —-
1235 820 1364 904 Ag.
1421 818 1585 882 1256
1654 816 2016 882 Cassandra
2065 817 2357 881 furorem
2415 818 2742 897 divinum,

445 915 574 1005 quo
633 942 700 983 se
750 920 826 983 ad
875 919 1046 983 mala
1086 919 1507 983 vaticinanda
1550 919 1692 1005 rapi
1737 918 1957 996 sentit,
2003 918 2150 1003 πῦρ
2196 933 2417 983 vocat:
2472 925 2734 1003 παπαῖ,

444 1010 609 1086 οἷον
675 1014 761 1087 τὸ
826 1021 973 1108 πῦρ
1038 1014 1415 1110 επέρχεται
1469 1014 1556 1086 δέ
1605 1039 1764 1102 μοι.
1873 1019 2308 1083 Probabiliter
2371 1034 2525 1106 post
2588 1022 2738 1109 πῦρ

442 1120 1047 1208 interpungendum
1094 1133 1222 1185 est.
1267 1124 1380 1206 qui
1427 1121 1657 1185 ardor-,I
1696 1124 1917 1184 iterum
1950 1142 2045 1184 me
2075 1124 2350 1206 corripit.
2420 1121 2527 1185 Sic
2559 1121 2746 1187 hunc·

445 1222 667 1285 locum
711 1221 1086 1308 intelligere
1134 1222 1306 1285 malo
1355 1244 1546 1307 quam
1596 1244 1745 1285 cum
1790 1220 2174 1285 Hermanno
2219 1222 2366 1311 πῦρ
2414 1221 2494 1285 ad
2521 1223 2746 1307 perni-

447 1323 613 1386 c‘iem
671 1321 936 1400 referre,
994 1345 1187 1408 quam
1244 1322 1610 1386 Cassandra
1663 1335 1992 1407 tamquam
2037 1321 2262 1408 ignem
2309 1323 2619 1387 adversus
2666 1346 2740 1387 se

447 1423 866 1488 accedentem
937 1446 1204 1487 cernere
1260 1422 1387 1487 sibi
1433 1422 1751 1487 videatur.
1839 1421 2054 1486 Ardor
2094 1423 2493 1486 vaticinandi
2540 1424 2739 1488 usita-

444 1524 697 1587 tissima
740 1524 961 1611 imago
1006 1538 1125 1588 est.
1194 1524 1540 1587 Praeterea
1574 1537 1796 1610 aptum
1834 1522 1994 1585 mihi
2019 1523 2282 1586 videtur
2307 1523 2739 1587 Cassandram

445 1625 758 1689 vaticinia
800 1648 916 1688 sua
959 1625 1156 1689 etiam
1201 1625 1330 1701 hic,
1374 1638 1450 1689 ut
1495 1626 1661 1688 1214
1726 1619 1883 1703 (ἰοὺ
1938 1617 2084 1708 ἰοὺ,
2133 1616 2267 1689 ωσι)
2318 1619 2529 1689 κακά.
2605 1618 2734 1691 ὑπ’

448 1709 543 1789 αὖ
582 1746 681 1811 με
724 1720 960 1801 δεινὸς
1003 1718 1561 1815 ὀρθομαντείας
1603 1717 1834 1801 πόνος
1878 1722 2223 1814 στροβεῖ)
2263 1725 2341 1787 ab
2377 1725 2742 1810 ejulatione

447 1825 760 1912 incipere,
809 1849 936 1912 qua
979 1850 1047 1890 se
1094 1826 1313 1890 furore
1354 1827 1576 1890 denuo
1604 1838 1969 1912 correptam
1995 1825 2302 1889 declaret.
2332 1826 2746 1891 —Verbum

450 1920 772 1994 θάλπειν
843 1950 1050 1992 amore
1113 1926 1502 2011 inflammare
1567 1925 1896 2012 significat
1959 1926 2178 1989 Prom.
2238 1926 2389 1990 590:
2456 1922 2502 2014 ἢ
2554 1922 2744 2003 Διὸς

450 2021 727 2094 θάλπει
778 2026 956 2119 κεάρ
1011 2027 1257 2120 ἔρωτι.
1346 2028 1564 2092 Prom.
1613 2029 1765 2091 649:
1820 2021 2002 2103 Ζεὺς
2043 2020 2189 2115 γὰρ
2235 2027 2495 2116 ἱμέρου
2538 2025 2738 2109 βέλει

445 2123 633 2215 πρὸς
706 2130 848 2196 σοῦ
922 2126 1363 2196 τέθαλπται.
1429 2168 1514 2177 -—
1579 2128 1765 2191 Idem
1832 2129 2106 2192 verbum
2174 2128 2254 2191 de
2322 2127 2567 2206 furore,
2626 2129 2742 2215 qui

447 2243 737 2294 mentem
783 2231 1150 2308 conturbat,
1195 2231 1466 2317 ponitur
1495 2230 1713 2293 Prom.
1747 2231 1899 2293 877:
1947 2222 2096 2295 ὑπό
2122 2251 2180 2315 μ
2203 2212 2326 2293 ἀὖ
2369 2223 2744 2347 σφάκελος

441 2326 564 2396 καὶ
608 2328 1173 2423 φρενοπληγεῖς
1184 2332 1445 2414 μανίαι
1489 2322 1912 2397 θάλπουσῖ
1942 2369 2028 2378 -
2056 2323 2398 2394 Interdum
2434 2326 2742 2447 θερμός,

446 2435 773 2519 cupiditate
816 2435 1059 2508 ardena,
1105 2433 1197 2496 ita
1241 2444 1608 2518 usurpatur,
1654 2444 1727 2494 ut
1766 2431 1834 2495 in
1866 2411 2102 2495 malam
2132 2444 2384 2517 partem
2417 2433 2750 2518 accipien-

450 2532 605 2595 dum
671 2532 782 2597 sit:
842 2556 1046 2618 prava
1110 2535 1438 2618 cupiditate
1491 2555 1795 2608 accensus,
1839 2533 2177 2617 improbus,
2220 2533 2469 2616 impius.
2560 2534 2747 2620 Sept.

451 2634 602 2697 603:
678 2628 1034 2715 ξυνεσβὰς
1082 2631 1351 2700 πλοῖον
1404 2625 1710 2719 εὐσεβὴς
1760 2625 1948 2723 ἀνὴρ
2003 2626 2342 2697 ναύταισι
2399 2629 2746 2720 θερμοῖς..

450 2732 638 2796 Eum.
709 2735 857 2799 560:
927 2732 1112 2821 γελᾷ
1162 2729 1241 2801 δὲ
1291 2731 1583 2820 δαιζαων
1634 2728 1720 2800 ἐπ
1739 2725 1980 2822 ’ἀνδρὶ
2034 2729 2325 2823 θερμῷ.
2382 2773 2467 2781 -
2522 2734 2742 2811 Quum

451 2834 627 2899 calor
691 2858 928 2921 corpus
978 2836 1277 2921 jucundo
1340 2859 1538 2900 sensu
1585 2834 1847 2899 afficere
1897 2834 2121 2911 soleat,
2167 2835 2371 2898 verba
2412 2835 2743 2922 calefacere

449 2935 889 3022 significantia
955 2937 1151 3000 etia'm
1223 2937 1303 3000 ad
1369 2937 1457 3015 id,
1522 2935 1699 3021 quod
1766 2936 2057 2998 animum
2106 2936 2402 3019 jucunde
2457 2949 2746 3014 moveat,

446 3036 788 3100 transferri
844 3052 1155 3123 possunt3
1203 3038 1296 3101 sic
1353 3031 1815 3103 συνθάλπων
1859 3050 1961 3100 est
2003 3035 2275 3099 blandiri
2318 3036 2537 3100 Prom.
2584 3038 2746 3100 684:

441 3132 639 3223 μηδέ
677 3129 1106 3222 μὀἰκτίσας
1157 3133 1547 3204 σύνθαλπε
1592 3131 1882 3224 μύθοις
1933 3130 2299 3225 ψευδέσιν.
2402 3136 2518 3200 Cfr
2560 3138 2744 3201 locu-

447 3238 700 3301 tionem
747 3238 1243 3302 Ciceronianam
1288 3262 1500 3304 sensus
1544 3240 1860 3304 hominum
1890 3239 2124 3325 fovere.
2170 3276 2256 3285 —-
2299 3237 2544 3301 Contra
2591 3238 2744 3323 quia

430 3337 656 3425 ,frigus
725 3341 985 3425 corpori
1050 3341 1377 3427 ingratum
1447 3353 1565 3418 est,
1635 3340 1825 3404 dolor
1890 3338 2092 3402 animi
2145 3337 2430 3425 imagine
2476 3339 2750 3425 frigoris

450 3440 835 3504 declaratur.
923 3440 1116 3504 Eum.
1152 3443 1303 3505 160:
1350 3435 1658 3531 πάρεστι
1692 3439 2192 3528 μαστίκτορος
2222 3433 2437 3505 δαΐου
2469 3433 2745 3527 δαμίου

450 3533 648 3628 βαρὺ
704 3536 792 3607 τὸ
847 3540 1216 3629 περίβαρυ
1266 3537 1493 3632 κρύος
1543 3541 1753 3629 ἔχειν,
1808 3540 1922 3604 ubi
1973 3533 2220 3627 κρύος,
2275 3542 2539 3626 proprie
2580 3542 2742 3626 yda,
2818 3569 2826 3578 ·

451 3656 552 3705 est
618 3643 825 3718 dolor,
894 3665 1089 3728 quem
1156 3643 1394 3707 Furiae
1461 3644 1759 3706 sentiunt
1815 3641 2130 3705 conviciis
2179 3640 2748 3726 Clytaemnestrae

450 3757 783 3828 tamquam
860 3742 1123 3830 flagello
1191 3743 1514 3808 carnificis
1582 3743 1944 3830 perculsae.
2059 3741 2226 3805 Vide
2295 3742 2491 3824 etiam
2561 3743 2746 3828 Sept
2843 3819 2848 3830 .

452 3844 603 3906 834:
670 3837 904 3910 κακόν
962 3865 1060 3930 με
1120 3840 1431 3934 καρδιαν
1496 3866 1559 3909 τι
1614 3843 2012 3942 περιπίτνει
2065 3835 2310 3930 κρύος.
2364 3881 2449 3890 -
2496 3842 2748 3906 Similis

452 3943 636 4006 locus
684 3959 784 4008 est
830 3945 1044 4010 Prom.
1092 3948 1245 4010 691;
1303 3939 1634 4033 πήματα,
1680 3902 2003 4030 λύματα,
2042 3935 2339 4030 ὀειματ’
2387 3937 2572 4028 ε’μαν
2601 3965 2744 4026 αμ-

454 4037 676 4136 φάκει
728 4044 1004 4134 κέντρῳ
1058 4041 1323 4133 ψύχειν
1374 4063 1649 4134 ψυχαν.
1704 4039 1970 4134 ψύχειν
2023 4058 2123 4108 est
2191 4045 2512 4129 scriptura
2567 4045 2750 4107 codi-

451 4168 623 4222 cum,
671 4168 862 4229 quam
903 4147 1201 4232 plerique
1235 4150 1541 4212 retinent.
1616 4146 1925 4211 Meineke
1958 4140 2010 4229 ¹)
2056 4160 2123 4208 et
2153 4142 2446 4208 Dindorf
2467 4158 2748 4223 mutant,

593 4275 634 4336 ¹)
671 4274 918 4324 zeitschr.
953 4276 1041 4323 fiir
1075 4275 1300 4325 Alterth.
1340 4278 1484 4336 1844,
1521 4291 1573 4338 p.
1612 4279 1690 4327 11.
