3134 4842
2061 87 2422 285 mm
2486 60 2740 381 ff

385 408 499 472 ille
568 407 986 484 Graecorum,
1053 418 1128 469 ut
1179 407 1250 470 in
1296 407 1622 470 conviviis
1670 430 2006 471 sermones
2054 408 2133 471 de
2181 409 2375 472 reb‘us
2415 429 2501 469 ex
2546 407 2685 470 Ho-

387 532 569 572 mero
617 508 893 594 sumptis
938 507 1457 571 instituerentur.
1536 508 1625 571 Et
1656 527 1857 593 quum
1886 508 2169 594 perfecti
2199 522 2431 595 poetae
2465 531 2685 571 exem-

386 609 528 696 plar
591 609 961 685 haberetur,
1028 606 1171 671 fieri
1237 632 1374 672 non
1429 609 1668 695 potuit,
1717 609 1874 694 quin
1919 609 2033 672 alii
2076 622 2313 695 poetae
2360 632 2511 672 eum
2557 608 2684 672 sibi

388 709 470 773 ad
537 709 930 772 imitandum
997 723 1463 795 proponerent.
1572 709 1805 795 Neque
1871 734 2029 773 vero
2086 710 2257 796 epici
2302 710 2502 772 modo
2549 708 2686 773 stili

387 811 669 873 formam
735 823 802 873 et
867 809 1156 895 speciem
1221 809 1292 873 in
1360 832 1623 873 omnem
1691 810 2145 897 posteritatem
2213 809 2559 874 constituit
2620 822 2687 873 et

390 911 574 995 quasi
638 924 842 974 ratam
909 910 1089 987 fecit,
1157 910 1273 973 sed
1339 910 1535 973 etiam
1597 911 1676 973 ad
1721 934 1929 997 genus
1977 911 2240 975 dicendi
2283 893 2684 996 tragicorum

389 1011 808 1075 formandum
873 1010 1275 1096 permultum
1328 1011 1535 1074 valuit
1567 1005 1638 1095 l).
1727 1014 1949 1097 Atque
1996 1012 2368 1097 Aeschylus
2417 1011 2682 1096 quidem

389 1125 705 1198 quantum
780 1112 857 1175 ab
925 1111 1220 1175 Homero
1289 1111 1695 1198 sumpsisset,
1756 1114 1891 1197 jam
1957 1125 2214 1176 veteres
2284 1112 2687 1176 animadver-

387 1225 629 1277 terunt.
715 1212 967 1275 Notum
1022 1224 1122 1276 est
1171 1212 1357 1291 illud,
1406 1212 1584 1297 quod
1630 1212 2014 1277 Athenaeus
2059 1213 2347 1291 tradidit,
2391 1211 2688 1297 Aeschy-

388 1312 527 1375 lum
591 1312 807 1398 ipsum
876 1313 1164 1376 carmina
1227 1336 1344 1376 sua
1407 1307 1686 1401 τεμάχη
1753 1316 1907 1380 τῶν
1962 1309 2323 1402 μεγάλων
2375 1309 2690 1379 δείπνων

382 1407 719 1501 (Ομήρου
775 1413 1159 1499 appellasse.
1270 1414 1463 1492 Quod
1518 1414 1787 1493 dictum,
1844 1415 1969 1479 etsi
2015 1416 2299 1478 maxime
2348 1414 2428 1478 ad
2472 1438 2574 1478 res
2622 1427 2689 1477 et

389 1528 775 1600 argumenta
835 1514 1343 1599 tragoediarum,
1401 1538 1565 1600 quae
1622 1516 1976 1579 maximam
2019 1528 2272 1602 partem
2318 1539 2404 1579 ex
2446 1515 2687 1579 fabulis

391 1616 468 1679 ab
515 1615 813 1678 Homero
859 1614 1134 1678 narratis
1182 1629 1336 1679 sunt
1380 1616 1606 1701 petita,
1651 1616 2071 1680 referendum
2106 1616 2209 1694 sit,
2240 1629 2463 1680 tamen
2490 1615 2686 1679 latius

390 1729 612 1801 patere
661 1728 855 1801 atque
900 1714 1098 1778 etiam
1142 1717 1343 1779 verba
1387 1729 1454 1779 et
1499 1717 1866 1781 orationem
1913 1732 2208 1803 spectare
2246 1740 2393 1779 mea
2422 1716 2686 1801 quidem

395 1816 618 1902 opinio
679 1828 796 1879 est.
896 1815 1226 1893 Quantum
1272 1817 1604 1880 Homerus
1652 1816 1732 1880 ad
1780 1818 2146 1881 orationem
2194 1816 2513 1901 Aeschyli
2558 1816 2689 1880 for-

391 1916 695 1980 mandam
724 1915 1025 1995 valuerit,
1059 1929 1126 1979 et
1156 1916 1406 1981 formae
1438 1917 1706 1981 Ionicae
1742 1932 1935 2003 atque
1967 1918 2290 1982 vocabula
2311 1917 2686 1995 Homerica,

392 2003 555 2103 quae
602 2040 801 2081 nemo
847 2017 1258 2101 frequentius
1306 2017 1623 2097 adhibuit,
1658 2018 2114 2083 demonstrant
2144 2032 2211 2083 et
2241 2042 2326 2082 ex
2358 2041 2689 2104 compara-

389 2118 684 2182 tionibus
731 2130 924 2202 atque
956 2118 1357 2204 metaphoris
1390 2119 1699 2196 cernitur,
1732 2142 2003 2204 quarum
2034 2143 2271 2206 magna
2300 2144 2448 2206 pars
2479 2119 2691 2184 imita-

389 2218 643 2283 tionem
675 2218 955 2282 Homeri
988 2218 1348 2283 ostendunt
1365 2213 1438 2305 ²).
1507 2220 1816 2284 Fortasse
1849 2220 2025 2284 haud
2048 2220 2335 2284 alienum
2357 2220 2698 2284 videbitur

392 2318 781 2405 comperire,
853 2342 1012 2403 quas
1079 2320 1400 2406 imagines
1457 2320 1831 2406 Aeschylus
1892 2323 1969 2385 ab
2015 2322 2309 2385 Homero
2356 2333 2688 2385 mutuatus

393 2419 498 2483 sit.
589 2419 799 2497 Quare
845 2419 1020 2483 infra
1046 2420 1118 2483 in
1147 2420 1545 2506 imaginibus
1580 2421 1899 2506 Aeschyli
1928 2422 2397 2507 percensendis
2431 2444 2692 2507 semper

397 2520 948 2598 commemorabO,
981 2521 1038 2584 si
1068 2544 1263 2606 quem
1294 2520 1516 2584 locum
1548 2521 1981 2586 Homericum
2011 2522 2238 2585 inveni
2267 2522 2359 2584 ita
2384 2521 2689 2599 similem,

396 2631 471 2682 ut
514 2642 663 2682 eum
707 2620 806 2683 illi
853 2621 1217 2707 exemplari
1262 2621 1467 2684 fuisse
1515 2622 1832 2708 suspicari
1861 2622 2090 2686 liceat.
2158 2622 2238 2685 In
2269 2622 2493 2685 multis
2524 2622 2688 2686 locis

396 2718 559 2783 haec
615 2720 977 2785 similitudo
1032 2722 1125 2786 ita
1169 2721 1518 2804 manifesta
1562 2735 1682 2799 est,
1728 2736 1813 2815 ut
1845 2745 1928 2786 ne
1974 2722 2249 2799 minima
2294 2722 2559 2808 quidem
2608 2723 2692 2787 sit

397 2820 762 2899 dubitati0‚‘
809 2822 967 2907 quin
1030 2824 1108 2887 ab
1176 2819 1475 2887 Homero
1544 2823 1788 2909 sumpti
1855 2823 2004 2902 sint,
2072 2824 2211 2887 sive
2268 2823 2339 2886 id
2385 2822 2688 2888 consulto

381 2920 640 2986 factum
687 2934 804 2999 est,
850 2924 988 2986 sive
1034 2923 1143 3001 ita,
1189 2936 1263 2986 ut
1304 2923 1524 3009 imago
1572 2947 1658 2987 ex
1696 2924 1813 2988 illo
1845 2936 2005 2988 nota
2032 2924 2448 3011 imprudente
2496 2936 2692 3010 poeta

392 3021 463 3086 in
511 3023 876 3086 orationem
918 3023 1256 3110 irreperet.

559 3123 713 3187 Jam
778 3124 1063 3209 exposui
1129 3147 1223 3203 ea,
1292 3148 1456 3211 quae
1525 3125 1606 3189 de
1672 3125 1740 3188 vi
1806 3138 1873 3190 et
1925 3138 2156 3189 natura
2205 3125 2567 3210 imaginum
2620 3124 2692 3188 in
2753 3175 2760 3178 .

393 3222 775 3287 universum
823 3223 1218 3310 disputanda
1262 3249 1404 3290 esse
1450 3226 1708 3312 putavi3
1754 3226 1834 3288 iis
1882 3227 2159 3311 adjunxi
2205 3226 2458 3311 aliquot
2490 3224 2693 3288 anim-

396 3323 842 3402 adversiones,
923 3347 1088 3410 quae
1167 3326 1248 3389 ad
1313 3327 1689 3390 universam
1758 3327 2078 3412 Aeschyli
2154 3327 2221 3390 in
2290 3326 2690 3412 imaginibus

397 3423 785 3489 adhibendis
843 3426 1393 3491 consuetudinem
1438 3428 1793 3513 pertinent.
1881 3427 2003 3491 His
2048 3428 2424 3514 praemissis
2471 3450 2692 3489 meum

397 3536 497 3612 est
521 3525 836 3603 indicare,
869 3527 1203 3610 quomodo
1237 3528 1527 3614 singulas
1561 3527 1642 3590 ad
1672 3551 1810 3591 rem
1841 3528 2250 3614 propositam
2281 3528 2690 3614 pertinentes

377 3616 498 3690 'res
556 3625 681 3689 sim
737 3641 1221 3711 persecuturus.
1310 3628 1604 3691 Primum
1646 3629 1850 3713 igitur
1896 3651 2125 3692 omnes
2172 3627 2492 3713 Aeschyli
2535 3628 2694 3691 ima-

395 3725 606 3810 gines,
673 3727 1124 3813 cujuscunque
1192 3730 1453 3815 generis
1512 3741 1684 3807 sunt,
1729 3730 2137 3815 percensebo
2187 3742 2379 3815 atque
2427 3729 2693 3814 quidem

395 3824 490 3890 ita
534 3825 906 3912 dispositae,
950 3841 1025 3892 ut
1067 3851 1170 3892 res
1213 3830 1417 3915 ipsae,
1463 3829 1639 3892 unde
1688 3841 1984 3916 sumptae
2032 3842 2217 3907 sunt,
2250 3853 2474 3893 secum
2520 3828 2690 3892 ferre

396 3924 816 3991 videbuntur.
881 3928 1078 3993 Haud
1109 3929 1388 3993 multum
1418 3929 1714 4009 interest,
1748 3953 1877 4015 quo
1911 3930 2142 3994 ordine
2168 3930 2429 4016 singula
2450 3951 2695 4015 genera

542 4027 553 4044 .
724 4029 748 4052 ,
2275 4040 2296 4061 x

535 4104 577 4168 ¹)
615 4105 824 4165 PLATQ
880 4107 957 4158 De
1007 4109 1208 4173 republ.
1261 4109 1330 4170 X,
1366 4125 1416 4172 p.
1453 4112 1553 4159 595
1601 4123 1649 4157 c:
1679 4102 1934 4174 ’Όμηρος
1967 4107 2111 4161 ἔοικε
2147 4109 2259 4159 τῶν
2295 4108 2483 4159 καλῶν
2519 4102 2696 4159 ἁπάν-

396 4205 510 4240 των
560 4182 775 4240 τούτων
820 4190 932 4242 τῶν
976 4193 1258 4260 τραγικῶν
1294 4192 1512 4259 πρῶτος
1547 4184 1890 4249 διδάσκαλός
1923 4208 1980 4243 τε
2016 4192 2110 4241 καὶ
2143 4186 2374 4259 ἡγεμών
2407 4194 2695 4260 γενέσθαι.

531 4271 578 4328 ²)
616 4273 914 4336 LECHRER,
953 4278 1030 4326 De
1065 4277 1327 4352 Aeschyli
1346 4277 1523 4326 studio
1558 4276 1853 4325 Homerico.
1925 4276 2139 4339 Erlang.
2179 4278 2325 4327 1862.
