3134 4842
532 188 614 250 64

447 353 657 417 verbii
730 355 1137 419 mentionem
1204 354 1364 418 facit
1427 355 1670 419 Aesch.
1737 356 1845 419 Fr.
1904 360 2055 422 303:
2123 354 2414 425 δέδοικα
2461 361 2732 448 μῶρον

446 448 688 542 κάρτα
731 449 1166 544 πυραύστου
1198 449 1468 544 μόρον.
1499 494 1585 504 --
1613 457 2133 541 Antiquissimae
2167 461 2393 524 aetatis
2425 459 2726 525 homines

444 555 514 618 in
563 557 886 641 specubus
933 557 1371 621 subterraneis
1417 556 1836 621 formicarum
1886 559 2090 623 instar
2132 559 2456 624 habitasse
2503 562 2728 625 dicun-

446 669 553 720 tur
575 657 791 720 Prom.
817 657 970 720 452:
1001 651 1423 746 κατώρυχες
1450 653 1498 723 δ
1509 650 1783 723 ’ἔναιον
1811 652 2327 749 ὥστ’άήσυροι
2349 655 2728 749 μύρμηκες

446 753 744 848 ἄντρων
808 751 883 824 ἐν
941 763 1205 844 μυχοῖς
1268 752 1619 844 άνηλίονς.
1674 798 1759 807 —-
1824 759 2071 847 Copiae
2118 761 2358 825 Xerxis
2406 764 2485 826 ad
2532 762 2725 827 Grae-

444 857 614 920 ciam
671 859 1179 945 expugnandam
1223 858 1718 945 proficiscentes
1765 883 1914 923 cum
1960 863 2263 925 examine
2310 863 2527 949 apium
2574 888 2724 928 con-

446 957 774 1034 feruntur3
842 982 992 1022 nam
1058 973 1132 1023 ut
1184 982 1337 1045 apes
1384 983 1468 1023 ex
1513 961 1721 1036 alveo,
1766 960 1857 1024 ita
1899 961 2049 1025 illae
2098 986 2183 1025 ex
2226 977 2556 1030 terrasua
2601 965 2724 1028 fre-

444 1073 720 1144 quentes
768 1075 834 1123 et
878 1060 956 1123 ab
1002 1084 1134 1123 uno
1181 1060 1413 1124 ductae
1448 1062 1632 1145 quasi
1663 1061 2108 1135 evolaverunt.
2184 1064 2361 1128 Pers.
2407 1066 2553 1129 128:
2584 1067 2725 1141 πᾶς

444 1153 588 1247 γὰρ
656 1154 1072 1247 ἱππηλάτας
1133 1156 1253 1226 καὶ
1315 1155 1763 1249 πεδοστιβὴς
1825 1157 2014 1238 λεώς
2069 1165 2346 1247 σμῆνος
2392 1161 2494 1242 (ὃς
2535 1160 2726 1232 ἔκλε’-

440 1259 699 1326 λοιπεν
756 1259 1114 1345 μελισσᾶν
1181 1255 1314 1326 σὺν
1378 1256 1693 1351 ὀρχάμῳ
1749 1265 2094 1350 στρατοῦ.
2185 1265 2357 1329 Vide
2404 1266 2600 1329 Hom.
2645 1268 2722 1331 Il.

444 1363 499 1438 2,
547 1363 813 1439 87--93‚
874 1362 985 1426 ubi
1029 1386 1265 1449 agmen
1313 1361 1711 1426 Graecorum
1758 1387 1905 1427 cum
1953 1366 2255 1428 examine
2304 1366 2523 1451 apium
2570 1392 2724 1432 con-

440 1462 675 1539 fertur3
731 1463 841 1547 qui
885 1463 1068 1529 locus
1116 1462 1273 1548 quin
1319 1463 1471 1527 huic
1516 1464 1893 1549 Aeschyleo
1941 1467 2277 1552 exemplar
2318 1466 2538 1544 fuerit,
2585 1492 2723 1532 non

442 1562 691 1626 dubito.
738 1602 821 1611 —-
866 1563 1336 1650 Vulgatissima
1380 1578 1480 1628 est
1524 1565 1925 1651 metaphora,
1972 1590 2098 1651 qua
2140 1566 2417 1630 melleum
2462 1568 2721 1646 dicitur,

438 1663 759 1748 quidquid
822 1665 1189 1748 jucundum
1257 1677 1451 1749 atque
1510 1688 1706 1728 suave
1753 1680 1881 1742 est;
1928 1666 2312 1752 praesertim
2358 1668 2451 1732 sic
2497 1669 2720 1733 dulces

438 1787 636 1827 voces
704 1779 771 1828 et
836 1766 981 1828 soni
1035 1765 1459 1829 illustrantur.
1549 1766 1748 1829 Hom.
1795 1766 1871 1830 Il.
1921 1770 1976 1844 1,
2025 1770 2176 1832 249:
2225 1768 2363 1834 τοῦ
2404 1764 2523 1835 καὶ
2569 1762 2721 1836 άπὸ

440 1858 783 1952 γλώσσης
840 1864 1140 1950 μέλιτος
1204 1863 1528 1953 γλυκίων
1594 1861 1752 1959 ῥέεν
1821 1859 2031 1955 αὐδή.
2143 1869 2258 1932 Cfr
2324 1870 2519 1933 etiam
2586 1871 2722 1934 Ho-

438 1967 680 2029 merica
725 1967 1041 2030 vocabula
1078 1964 1502 2054 μελίγηρυς,
1543 1965 1963 2061 μελίφρων.
2053 1969 2152 2032 De
2199 1970 2456 2034 blandis
2500 1971 2714 2033 verbis

436 2066 679 2129 Aesch.
719 2065 1235 2155 μελίγλωσσος
1276 2081 1547 2154 usurpat
1590 2069 1804 2131 Prom.
1856 2072 2002 2133 172:
2048 2065 2169 2135 καὶ
2206 2062 2474 2155 μὀὔῖι
2510 2066 2717 2153 μελι-

438 2160 808 2252 γλα’σσοις
849 2164 1164 2242 πειθοῦς
1206 2164 1661 2234 ἐπαοιδαῖσιν
1708 2165 1975 2248 θέλξει.

605 2269 633 2350 ξ
659 2269 716 2331 3.
793 2268 1012 2333 Etiam
1050 2292 1198 2332 cum
1224 2270 1495 2354 piscibus
1526 2271 1926 2355 comparatio
1958 2269 2051 2335 fit.
2142 2272 2317 2335 Pers.
2349 2273 2474 2334 424
2501 2271 2570 2334 in
2608 2271 2715 2334 de-

319 2383 325 2388 '
434 2367 792 2453 scriptione
859 2392 1118 2455 pugnae
1189 2369 1578 2434 Salaminiae
1649 2369 1880 2436 Graeci
1933 2371 2156 2436 hostes
2214 2395 2365 2436 suos
2411 2371 2606 2435 remis
2652 2385 2717 2435 et

432 2468 820 2554 fragmentis
887 2470 1151 2534 navium
1217 2470 1413 2534 ferire
1481 2470 1807 2548 dicuntur,
1865 2486 1938 2536 ut
1988 2472 2277 2558 thynnos
2323 2472 2431 2535 vel
2466 2474 2717 2556 jactum

438 2569 720 2654 aliquem
751 2571 1061 2657 piscium:
1106 2567 1221 2637 τοὶ
1251 2567 1298 2638 δ
1311 2564 1532 2638 ’ὥστε
1565 2566 1894 2649 θύννους
1923 2569 1968 2661 ἤ
2000 2595 2111 2639 τιν
2128 2565 2450 2659 ’ἰχθύων
2476 2566 2722 2653 βόλον

435 2661 686 2757 ἀγαῖσι
731 2673 1011 2738 κωπῶν
1056 2667 1488 2761 θραύμασίν
1535 2665 1957 2761 τ’ἐρειπίων
1998 2673 2275 2757 ἔπαιον,
2308 2666 2717 2761 ἐρράχιζον.

434 2770 756 2856 Thynnos
822 2773 890 2835 in
958 2774 1119 2837 mari
1184 2775 1666 2838 Mediterraneo
1734 2787 1865 2838 tam
1932 2775 2267 2839 confertos
2329 2786 2570 2850 natare,
2645 2789 2719 2837 ut

435 2894 521 2934 ex
587 2873 862 2936 navibus
931 2875 1142 2938 contis
1209 2874 1430 2938 necari
1495 2873 1770 2960 possint,
1839 2876 2207 2961 complures
2266 2875 2519 2959 antiqui
2565 2875 2716 2939 scri-

436 2985 655 3056 ptores
703 2988 1249 3051 commemorant;
1297 2997 1424 3060 qua
1464 2974 1752 3061 imagine
1799 2998 1990 3061 quam
2022 2976 2360 3061 eleganter
2390 2975 2714 3040 illustren-

434 3087 542 3136 tur
610 3073 835 3138 Graeci
905 3075 1128 3139 hostes
1184 3098 1336 3139 suos
1382 3075 1579 3139 remis
1626 3089 1692 3139 et
1735 3075 2120 3163 fragmentis
2166 3075 2431 3139 navium
2478 3099 2564 3138 ex
2609 3098 2715 3139 na-

433 3174 622 3237 vibus
668 3175 1002 3253 ferienteS,
1048 3199 1244 3240 nemo
1289 3200 1422 3240 non
1455 3176 1675 3240 sentit.
1751 3176 1959 3239 Simul
1989 3176 2342 3240 multitudo
2373 3198 2712 3240 caesorum

435 3287 501 3338 et
577 3274 875 3353 facilitas,
954 3300 1081 3362 qua
1168 3291 1503 3354 necantur,
1581 3276 1987 3363 exprimitur.
2105 3269 2342 3358 βόλος
2420 3270 2716 3363 ἰχθύων

431 3388 722 3452 vocatur,
789 3390 1102 3461 quantum
1168 3378 1447 3464 piscium
1512 3401 1646 3441 uno
1714 3377 1868 3441 retis
1920 3378 2098 3459 jactu
2149 3378 2430 3464 capitur3
2478 3377 2710 3440 eodem

433 3497 630 3538 sensu
696 3477 893 3541 etiam
958 3478 1180 3542 Latini
1218 3481 1457 3565 jactum
1498 3478 1656 3540 retis
1703 3478 2027 3543 dicebant.
2114 3480 2450 3564 Aliquem,
2494 3491 2567 3541 ut
2619 3477 2712 3563 pi-

433 3598 631 3653 scem,
697 3578 1078 3665 transfigere
1146 3579 1383 3644 dicitur
1449 3578 1646 3642 etiam
1712 3578 1909 3643 Hom.
1970 3579 2091 3644 Od.
2151 3582 2249 3656 10,
2298 3581 2447 3642 124:
2494 3574 2714 3664 ἰχθῦς

433 3667 625 3753 δ”σὸς
698 3678 1068 3766 πείροντες
1122 3672 1444 3767 ἀτερπέα
1498 3674 1715 3745 δαῖτα
1771 3679 2149 3774 φέροντες.
2251 3679 2557 3743 Fortasse
2614 3679 2712 3742 illi

433 3801 692 3864 quoque
761 3782 1044 3867 captatio
1109 3781 1511 3867 thynnorum
1582 3782 1981 3845 obversatur.
2091 3782 2206 3845 Cfr
2250 3780 2447 3843 etiam
2491 3778 2709 3844 Achil.

434 3878 576 3943 Tat.
646 3882 786 3957 111,
844 3884 913 3944 4:
1003 3877 1381 3971 ἐπείροντο
1428 3876 1632 3968 δίκην
1674 3874 1993 3967 ἰχθύων.
2039 3920 2125 3930 -
2168 3879 2489 3965 Thynnus
2537 3905 2712 3945 com-

431 3994 830 4046 memoratur
873 3982 1068 4046 etiam
1112 3983 1220 4047 Fr.
1266 3985 1387 4047 297
1430 3983 1851 4061 (Athenaeus
1899 3987 1955 4058 7,
1993 4006 2055 4068 p.
2102 3984 2226 4047 303
2273 3982 2360 4062 c):
2423 4002 2713 4066 μνημο-

430 4074 620 4147 νεύει
665 4076 742 4148 δὲ
788 4083 922 4150 τοῦ
966 4074 1250 4150 θύννου
1279 4080 1402 4150 καὶ
1428 4077 1805 4169 Αἰσχύλος
1831 4081 2114 4168 λέγωνε
2156 4076 2488 4177 »σφύρας
2519 4079 2710 4167 δέχε-
