3134 4842
2443 140 2619 255 '75

410 353 619 449 γόον.
707 358 1084 445 Respicitur
1146 357 1434 444 vulgaris
1499 356 1617 421 illa
1679 370 1980 422 veterum
2046 358 2272 444 opinio
2305 351 2379 443 ¹),
2438 378 2706 444 cycnos,

408 461 524 547 qui
577 460 890 524 facultate
937 457 1158 523 futura
1202 458 1662 545 praesagiendi
1703 457 1987 545 praediti
2032 472 2272 537 essent,
2317 453 2702 546 praesertim

414 575 562 626 ante
609 564 913 624 'mortem
983 582 1217 623 canere
1270 559 1720 645 providentes,
1767 560 1924 644 quid
1970 583 2040 623 se
2087 573 2401 623 maneret.
2490 560 2704 638 Quare

409 662 518 727 hic
585 661 969 738 Cassandra,
1079 683 1245 745 quae
1310 661 1381 723 in
1445 660 1721 745 κομμῷ
1784 673 2082 724 mortem-
2121 683 2304 724 suam
2348 661 2704 724 instantem

411 763 850 850 praedixerat,
897 761 1089 846 cycni
1130 761 1338 825 instar
1381 783 1645 824 carmen
1691 760 1893 824 ferale
1942 760 2261 825 cecinisse
2306 761 2438 825 dici
2465 774 2703 847 potest.

582 866 610 947 ξ
658 867 714 926 7.
804 860 1023 926 Gallus
1087 862 1263 948 apud
1328 874 1586 925 veteres
1653 861 1855 948 vulgo
1922 862 2142 948 imago
2199 862 2501 947 ignaviae
2556 885 2705 926 cum

406 964 730 1049 jactantia
775 964 1164 1045 conjunctae
1212 975 1330 1039 est,
1376 962 1764 1048 praesertim
1810 962 1891 1025 ad
1938 985 2088 1025 eum
2132 962 2560 1040 irridendum,
2594 963 2709 1048 qui

415 1063 596 1128 domi
663 1086 731 1127 se
800 1062 1008 1140 effert,
1067 1062 1230 1127 foris
1278 1086 1348 1127 se
1391 1063 1706 1148 ignavum
1751 1063 2042 1149 praebet.
2131 1062 2225 1126 Ut
2268 1062 2500 1149 gallus,
2547 1063 2707 1126 alias

415 1164 724 1242 imbellia
777 1164 1151 1250 praesentia
1193 1163 1475 1249 gallinae
1523 1175 1591 1226 et
1635 1162 1717 1225 ad
1762 1163 2130 1227 canendum
2178 1176 2245 1227 et
2288 1164 2370 1226 ad
2415 1164 2706 1227 animum

417 1265 903 1329 ostendendum
948 1265 1294 1341 excitatur,
1337 1264 1429 1327 ita
1457 1263 1822 1349 Aegisthus
1853 1264 2150 1328 adstante
2184 1263 2710 1349 Clytaemnestra

418 1365 839 1452 magniloque
897 1388 965 1429 se
1022 1365 1194 1451 gerit
1235 1367 1364 1451 Ag.
1413 1365 1607 1428 1671:
1652 1357 2047 1449 κόμπασον
2099 1361 2442 1454 θαρσῶν,
2496 1358 2710 1431 ἀλέκ-

418 1485 572 1555 τωρ
621 1460 815 1532 ὥστε
872 1462 1179 1551 θηλείας
1227 1463 1475 1541 πέλας.
1585 1465 1686 1527 Ita
1753 1489 1901 1529 cum
1969 1478 2356 1552 contemptu
2422 1466 2707 1551 quodam

416 1568 673 1631 animus
718 1567 1129 1653 vituperatur
1172 1565 1481 1652 Aegisthi
1526 1578 1782 1629 tantum
1829 1566 2009 1629 dorni
2051 1566 2263 1643 fortis,
2309 1567 2487 1650 quod
2529 1566 2708 1629 idem

382 1667 545 1731 xalia
586 1668 874 1753 imagine
921 1667 997 1731 fit
1040 1690 1100 1729 V.
1150 1669 1341 1731 1224:
1387 1659 1644 1732 λέοντ’
1686 1662 1994 1733 ἄναλκιν
2037 1660 2387 1754 οἰκουρόν
2415 1680 2481 1730 et
2513 1666 2707 1730 1625:

422 1762 668 1855 γύννις
727 1761 1095 1857 οἰκουρός.
1152 1807 1238 1815 -
1294 1767 1633 1832 Gallorum
1678 1768 1875 1831 etiam
1922 1768 2262 1853 proprium
2308 1782 2408 1832 est
2451 1789 2712 1852 semper

419 1870 592 1933 inter
635 1892 703 1933 se
750 1891 1077 1955 pugnare3
1125 1892 1322 1953 quare
1369 1867 1560 1955 gallis
1610 1868 1858 1933 similes
1905 1881 2058 1932 sunt
2100 1868 2148 1931 ii
2194 1869 2391 1946 cives,
2439 1868 2551 1953 qui
2598 1867 2712 1932 do-

330 2054 334 2058 *
418 1971 723 2035 mesticas
770 1969 1130 2097 seditiones
1178 1982 1620 2033 commovent.
1706 1968 1901 2032 Eum.
1947 1970 2098 2034 861:

717 2114 872 2208 ιιήτ
886 2111 1265 2195 ’saggo-210²
1323 2113 1426 2195 ιῦς
1474 2114 1786 2209 καρδίαν
1837 2112 2272 2210 αλεκτόρων

722 2215 799 2287 ἕν
852 2227 1005 2297 τοῖς
1055 2216 1257 2308 εμοΐς
1307 2213 1642 2287 ἀστοῖσιν
1692 2213 1995 2339 ἰδούσης
2032 2217 2219 2310 ’Ἁρη

724 2316 1095 2416 ἐμφύλιόν
1148 2342 1225 2387 τε
1274 2317 1395 2388 καὶ
1446 2314 1636 2414 πρὸς
1687 2313 2059 2410 ἀλλήλους
2115 2313 2432 2412 θρασύν.

426 2484 494 2535 et
556 2471 731 2535 infra
795 2474 948 2537 866:
995 2468 1311 2551 ἐνοικίου
1365 2468 1414 2539 δ
1425 2465 1446 2490 '
1475 2468 1794 2564 ὄρνιθος
1845 2466 1937 2539 οὗ
1997 2471 2195 2562 λέγω
2245 2465 2517 2558 μα’χην.
2599 2471 2718 2536 Cfr

426 2573 615 2637 Pind.
684 2572 785 2637 Ol.
853 2576 951 2652 12,
1000 2577 1108 2638 14:
1177 2568 1591 2661 ἐνδομάχας
1641 2566 2167 2666 ἅτ’ἄλέκτωρ.
2212 2612 2298 2621 --
2342 2573 2470 2651 Qui
2514 2568 2717 2663 ὄρνις

427 2674 796 2761 appellatur
850 2675 1077 2762 Suppl.
1137 2678 1278 2754 212,
1324 2675 1534 2761 gallus
1583 2688 1806 2761 aperte
1854 2687 1980 2739 est:
2046 2670 2169 2741 καὶ
2220 2672 2456 2759 Ζηνὸς
2508 2669 2718 2763 ὄρνιν

429 2768 642 2841 τόνδε
693 2776 826 2841 νῦν
872 2769 1312 2863 κικλήσκετε.
1426 2776 1650 2840 Gallus
1717 2775 1762 2840 J
1768 2775 1908 2840 ovis
1964 2789 2064 2841 est
2109 2775 2227 2853 sol,
2272 2775 2400 2839 hoc
2446 2774 2715 2839 nomine

423 2876 810 2963 appellatus,
858 2878 1029 2963 quia,
1070 2897 1148 2940 ut
1191 2877 1423 2964 gallus,
1471 2901 1505 2940 e
1552 2900 1787 2941 somno
1821 2877 2086 2941 excitat.
2163 2876 2269 2941 Sic
2300 2889 2477 2941 recte
2509 2874 2716 2939 schol.

422 2978 891 3063 interpretatus
940 2992 1070 3042 est:
1121 2972 1251 3044 τὸν
1306 2972 1540 3064 ἥλιον·
1597 2972 2005 3063 ἐξανίστησι
2058 2972 2207 3066 γὰρ
2262 2972 2479 3063 ἡμᾶς,
2526 2971 2629 3051 οὖς
2672 2970 2715 3040 ὁ

421 3069 873 3167 ἀλεκτρυών.
963 3079 1312 3143 Probabile
1360 3091 1460 3142 est
1504 3079 1767 3164 signum
1813 3079 1922 3143 dei
1966 3080 2143 3157 solis,
2190 3079 2367 3165 quod
2409 3079 2479 3141 in
2521 3099 2718 3141 scena

423 3179 716 3264 positum
762 3193 919 3257 erat,
966 3180 1250 3266 imagine
1297 3179 1468 3303 galli3
1500 3193 1802 3243 ornatum
1849 3203 2014 3244 esse.
2104 3179 2220 3243 Cfr
2264 3180 2455 3243 Paus.
2502 3178 2601 3254 25,
2648 3177 2715 3240 5·

424 3273 639 3367 ἡλίου
712 3274 791 3346 δὲ
851 3272 1056 3369 ἱερόν
1109 3299 1342 3374 φασιν
1394 3267 1577 3345 εἶναι
1633 3273 1764 3347 τὸν
1816 3276 2100 3367 ὄρνιθα
2152 3276 2274 3345 καὶ
2324 3272 2718 3367 ἀγγέλλειν

426 3371 703 3447 α’νιέναι
747 3378 1164 3467 μέλλοντος
1217 3382 1353 3448 τοῦ
1404 3376 1642 3468 ἡλί.ου
1687 3420 1772 3430 -
1815 3383 1984 3446 Mire
2030 3381 2246 3445 Niobe
2295 3381 2597 3465 sepulcro
2643 3379 2720 3442 li—

425 3481 727 3546 berorum
798 3481 1018 3545 defixa
1074 3505 1221 3545 cum
1276 3482 1520 3567 gallina
1578 3482 1719 3546 ovis
1773 3482 2106 3546 insidente
2153 3494 2566 3566 comparatur
2607 3480 2719 3543 Fr.

430 3582 548 3646 158
594 3605 680 3646 ex
723 3581 1064 3667 Hesychio
1112 3596 1383 3669 sumpt:
1429 3576 1756 3659 ε’πώζειν·
1788 3578 2304 3671 ἐπικαθῆσθαι
2337 3588 2490 3659 τοῖς
2518 3574 2719 3657 ωοῖς.

428 3677 807 3769 Αἰσχύλος
857 3675 1115 3774 Νιόβῃ
1155 3685 1693 3776 μεταφορικῶς
1734 3679 2100 3777 »ἐφημένη
2146 3677 2402 3778 τάφον
2451 3683 2724 3758 τέκνοις

426 3781 657 3860 ἔπωζε
700 3790 857 3860 τοῖς
901 3778 1360 3872 τεθνηκόσι.»
1443 3785 1770 3849 Nonnulli
1812 3785 2228 3872 interpretes,
2276 3785 2512 3871 quibus
2555 3783 2720 3846 haec

423 3884 642 3971 imago
688 3898 885 3972 poeta
930 3901 1157 3951 nostro
1202 3909 1431 3972 parum
1478 3886 1678 3973 digna
1716 3886 1857 3950 visa
1887 3900 2005 3965 est,
2038 3887 2442 3974 scripserunt
2469 3880 2721 3971 ἐπῷζε,

567 4079 610 4146 ¹)
648 4081 815 4140 Plato,
872 4080 1064 4130 Phaed.
1116 4097 1167 4145 p.
1221 4084 1283 4132 85
1339 4084 1397 4131 B.
1448 4082 1670 4131 Aristot.
1705 4082 1845 4132 Hist.
1881 4083 2052 4132 Anim.
2090 4086 2136 4143 9,
2178 4084 2264 4134 13:
2302 4076 2495 4146 ᾠδικοὶ
2531 4076 2592 4130 δὲ
2629 4078 2723 4130 καὶ

427 4164 558 4232 περὶ
590 4159 688 4222 τὰς
720 4160 976 4221 τελευτὰς
1005 4157 1251 4230 μάλιστα
1288 4158 1510 4231 ᾄδουσι.
2176 4190 2179 4201 ·
