3134 4842
466 379 816 469 ὄμμασιν,
885 381 1316 448 similitudine
1382 382 1607 462 utitur,
1676 384 1831 469 quia
1893 406 2033 447 rem
2100 383 2506 469 cogitatione
2548 383 2753 449 infor-

464 498 705 548 matam
772 485 898 549 sibi
964 496 1111 548 ante
1183 482 1412 546 oculos
1479 484 1691 569 ponit.
1780 485 2097 548 Attamen
2165 484 2340 548 inter
2391 485 2753 570 imaginum

459 608 809 649 numerum
874 584 1108 649 referri
1173 584 1392 648 solent
1449 579 2041 676 παραδείγματα,
2087 585 2382 670 exempla,
2430 609 2593 670 quae
2639 609 2753 649 vo-

462 699 710 763 cantur,
778 686 1013 771 quibus
1081 684 1331 770 aliquid
1396 708 1545 748 cum
1602 708 1670 749 re
1723 699 1884 750 nota
1940 698 2008 750 et
2047 685 2290 750 illustri
2335 708 2421 748 ex
2466 687 2750 771 antiquis

459 787 701 851 fabulis
737 787 846 849 vel
891 779 975 849 eit
1019 785 1339 848 memoria
1379 808 1599 849 rerum
1642 798 1975 871 gestarum
2020 799 2280 873 sumpta
2310 801 2751 872 comparatur3

458 888 645 950 velut
689 911 890 972 quum
936 886 1134 949 Hom.
1183 885 1304 949 Od.
1351 888 1451 963 20,
1499 887 1750 952 66—80
1795 887 2131 973 Penelope
2177 900 2498 973 precatur,
2539 901 2614 951 ut
2661 888 2753 951 dii

462 988 700 1051 eodem
766 987 965 1050 modo
1036 1011 1103 1050 se
1148 985 1567 1064 interficiant,
1616 1011 1745 1073 quo
1795 988 1955 1050 olim
1997 988 2328 1074 procellae
2375 986 2542 1051 filias
2590 988 2753 1052 Pan-

463 1088 642 1151 darei
700 1088 1122 1174 abripuerint.
1209 1089 1431 1172 Atque
1490 1089 1727 1152 merito
1776 1109 1852 1152 ea
1894 1111 2014 1174 pro
2060 1087 2458 1174 imaginibus
2511 1088 2749 1153 habere

459 1189 648 1265 licet3
696 1189 1070 1274 quicunque
1118 1188 1295 1251 enim
1339 1188 1456 1252 tali
1502 1189 1725 1266 utitur,
1773 1210 2164 1274 quamquam
2206 1212 2243 1252 a
2281 1212 2369 1266 re,
2404 1212 2567 1273 quae
2599 1212 2755 1253 vera

461 1302 563 1352 est
605 1290 713 1352 vel
780 1312 973 1374 quam
1037 1312 1258 1353 veram
1316 1311 1458 1353 esse
1521 1302 1728 1375 putat,
1776 1289 2281 1353 similitudinem
2324 1290 2510 1375 petit,
2556 1290 2625 1353 id
2670 1313 2749 1354 eo

460 1389 599 1452 fere
650 1389 928 1460 consilio
997 1388 1175 1467 facit,
1241 1402 1317 1453 ut
1382 1389 1751 1454 orationem
1806 1389 2049 1454 illustri
2092 1390 2402 1476 exemplo
2452 1404 2643 1454 ornet
2687 1403 2753 1454 et

458 1490 809 1554 illuminet.
925 1489 1136 1568 Quare
1217 1513 1294 1554 ea
1364 1514 1501 1554 non
1579 1491 1785 1554 multa
1854 1485 2447 1578 παοαδείγματα,
2516 1491 2750 1629 quibus

461 1589 833 1676 Aeschylus
879 1614 1034 1654 usus
1083 1603 1201 1668 est,
1247 1589 1421 1654 infra
1465 1590 1837 1655 afferentur.
2391 1661 2401 1667 ,

628 1692 934 1756 Alterum
978 1691 1343 1777 imaginum
1388 1714 1597 1777 genus
1645 1715 1731 1756 ex
1773 1692 1854 1754 iis
1888 1705 2187 1756 constare
2218 1690 2428 1768 dixi,
2410 1716 2480 1755 1n
2514 1692 2750 1777 quibus

458 1793 824 1856 secundum
870 1816 1084 1878 comp.
1130 1793 1498 1857 membrum
1542 1816 1663 1878 pro
1719 1793 1933 1878 primo
1980 1806 2339 1878 poneretur
2383 1806 2450 1856 et
2491 1793 2562 1856 in
2609 1794 2750 1877 ejus

457 1893 682 1957 locum
745 1893 1146 1958 succederet.
1234 1892 1361 1970 Qui
1427 1893 1570 1977 ejus
1642 1893 1902 1979 generis
1967 1893 2253 1979 imagine
2321 1894 2545 1971 utitur,
2611 1916 2750 1957 rem

458 1994 743 2079 aliquam
789 2017 938 2057 cum
983 1993 1109 2057 alia
1152 1992 1353 2057 simili
1393 1994 1506 2057 ille
1555 1992 1823 2079 quidem
1854 2007 2206 2079 comparat,
2253 1993 2370 2058 sed
2407 1995 2545 2058 sive
2586 1993 2752 2057 cele-

456 2093 648 2157 ritate
716 2094 994 2178 quadam
1059 2106 1127 2158 et
1202 2094 1456 2180 impetu
1519 2095 1793 2180 ingenii,
1861 2094 1999 2158 sive
2069 2095 2373 2158 consulto
2445 2095 2752 2158 brevitati

457 2195 750 2271 studens,
795 2193 977 2257 illam
1046 2194 1310 2273 omittit,
1355 2195 1525 2259 hanc
1570 2196 1778 2259 solam
1825 2195 2153 2271 enunciat,
2198 2195 2450 2281 legenti
2491 2195 2600 2259 vel
2645 2219 2752 2259 au-

460 2294 669 2359 dienti
713 2295 1123 2381 permittens,
1168 2309 1260 2372 ut,
1308 2295 1487 2381 quod
1529 2319 1668 2359 non
1715 2295 1964 2359 dictum
2010 2296 2113 2373 sit,
2158 2295 2301 2382 ipse
2345 2295 2749 2382 cogitatione

456 2395 743 2481 expleat.
831 2395 981 2459 Hoc
1028 2419 1224 2459 omne
1270 2419 1478 2482 genus
1526 2395 1772 2460 Graece
1813 2390 2246 2490 μεταφορά,
2276 2396 2511 2460 Latine
2543 2408 2751 2460 trans-

456 2497 601 2560 latio
646 2496 1030 2583 appellatur,
1078 2497 1231 2582 quia
1272 2497 1342 2560 in
1388 2520 1468 2561 eo
1513 2497 1911 2561 vocabulum
1958 2520 1995 2560 a
2036 2498 2335 2575 notione,
2378 2499 2566 2582 cujus
2604 2521 2752 2584 pro·

455 2596 673 2683 prium
718 2611 837 2675 est,
882 2598 954 2660 in
1009 2597 1202 2661 aliam
1247 2597 1531 2662 similem
1571 2597 2096 2692 μεταφέρεταί,
2148 2597 2556 2665 transfertur.
2643 2598 2751 2662 Ex

454 2720 588 2783 quo
636 2711 906 2785 apparet
933 2698 1385 2785 metaphoram
1416 2699 1487 2762 in
1518 2710 1856 2784 troporum,
1890 2699 2002 2784 qui
2031 2712 2370 2776 vocantur,
2401 2722 2749 2763 numerum

455 2821 600 2862 esse
668 2798 1115 2874 referendam3
1148 2838 1151 2839 ν
1185 2823 1415 2863 eorum
1461 2799 1641 2862 enim
1684 2799 1785 2863 vis
1830 2800 1900 2863 in
1945 2823 2026 2863 eo
2074 2800 2397 2876 consistit,
2442 2814 2517 2864 ut
2556 2821 2750 2863 voca-

456 2899 686 2962 bulum
731 2898 858 2962 alia
900 2898 1406 2985 significatione,
1454 2921 1649 2985 quam
1696 2922 1859 2985 quae
1907 2901 2050 2984 ejus
2094 2900 2362 2986 propria
2405 2913 2524 2977 est,
2564 2923 2748 2963 usur·

454 3013 668 3085 petur.
755 2998 939 3063 Inter
1005 3022 1235 3065 omnes
1308 3012 1567 3064 constat
1632 3015 1850 3064 cetera
1903 3023 2147 3086 genera
2214 3014 2554 3087 troporum
2603 3022 2744 3064 esse

455 3100 933 3185 metonymiam
1009 3113 1078 3164 et
1158 3099 1645 3185 synecdochen.
1746 3100 1925 3179 Quae
1974 3123 2198 3187 quam
2259 3102 2395 3164 vim
2465 3100 2750 3165 habeant

455 3224 713 3287 quaque
779 3224 848 3265 re
918 3223 954 3264 a
1017 3201 1404 3287 metaphora
1468 3200 1792 3280 differant,
1847 3201 1940 3266 ita
1980 3215 2216 3266 notum
2261 3225 2403 3266 esse
2451 3202 2746 3278 arbitror,

453 3315 530 3365 ut
572 3302 642 3365 in
685 3301 766 3365 iis
832 3301 1243 3387 explicandis
1307 3301 1416 3366 hic
1480 3325 1619 3365 non
1687 3325 1851 3388 opus
1899 3303 1986 3367 sit
2031 3302 2441 3366 commorari.
2530 3302 2625 3367 Ut
2668 3301 2749 3365 ad

455 3401 2745 3488 rthnmmeQssmm-mssmmvo

430 3502 2744 3589 ‚sjveQmmmee-srmsse-mhmnmm-Hmnmus

453 3626 677 3689 regem
724 3592 887 3667 dicit
928 3603 1248 3688 ποιμένα
1297 3601 1537 3680 λαῶνς
1586 3617 1698 3668 aut
1739 3605 2030 3690 pertinet
2074 3604 2156 3668 ad
2197 3605 2386 3691 plura
2425 3603 2748 3667 vocabula

450 3705 561 3768 vel
627 3704 824 3768 etiam
888 3717 1098 3769 totam
1173 3705 1590 3782 sententiam,
1659 3704 1796 3769 sive
1862 3705 2025 3769 haec
2090 3728 2223 3769 una
2279 3704 2744 3768 enunciatione

453 3805 835 3870 continetur
900 3805 1040 3869 sive·
1092 3830 1211 3892 per
1253 3807 1474 3893 plures
1517 3806 1628 3870 vel
1673 3806 1908 3870 seriem
1956 3805 2499 3869 enunciationum
2542 3817 2745 3891 patet.

452 3905 785 3993 Exemplo
834 3905 920 3970 sit
960 3905 1038 3969 Il.
1087 3908 1185 3986 19,
1232 3909 1386 3971 221:
1454 3900 1939 4001 (φυλόπιδος)
1995 3891 2169 3994 ἦστε
2217 3904 2567 3993 πλείστην
2609 3899 2749 3990 μὲν

449 4001 797 4094 καλάμην
856 4001 1095 4092 χθονὶ
1161 4002 1444 4093 χαλκὸς
1515 4006 1780 4094 ἔχευεν,
1855 4004 2141 4094 ἄμητος
2213 3999 2283 4072 δ’
2348 3999 2745 4094 ὀλιᾘγιστος

450 4107 642 4172 Illam
684 4108 1041 4193 simplicem,
1085 4107 1255 4173 hanc
1298 4109 1663 4194 explicatam
1706 4107 2158 4194 metaphoram
2203 4108 2532 4194 appellare
2567 4108 2745 4172 volo.

452 4210 561 4273 Ab
608 4208 939 4295 explicata
980 4209 1366 4295 metaphora
1410 4209 1846 4274 discernenda
1890 4222 1991 4273 est
2034 4209 2345 4294 alleyoria,
2392 4232 2582 4294 quam
2621 4221 2748 4272 ter·
