3134 4842
2548 182 2629 245 83

595 349 1002 412 Mul-murare
1066 347 1239 410 tauri
1302 346 1508 411 instar
1572 369 1802 410 recens
1870 347 2043 410 caesi
2108 346 2349 411 dicitur
2401 345 2520 410 Fr.-
2553 349 2709 412 433:

429 442 878 536 ἐτονθόρυζε
932 449 1205 539 ταῦρος
1256 442 1360 523 ὥς
1409 439 1855 539 νεοσφαγής.
1919 484 2006 497 -
2059 442 2473 534 μυκαομαι,
2520 470 2713 512 voca-

426 551 657 614 bulum
725 551 805 613 de
873 549 1129 636 mugitu
1182 550 1385 612 boum
1430 547 1791 634 proprium,
1838 547 1919 610 ad
1961 548 2278 612 tonitrum
2324 547 2714 613 transfertur

428 651 644 715 Prom.
694 651 891 714 1062:
961 648 1282 742 βροντῆς
1326 641 1623 735 μύκημ’
1651 641 2091 736 α’τέραμνον.
2183 650 2374 714 1082:
2439 647 2714 736 βρυχία

428 744 673 839 δ’ῆχᾱ)
727 752 1256 839 παραμυκᾶται
1308 748 1650 864 βροντῆς.
1694 788 1780 797 -
1825 749 2039 813 Sonus
2088 763 2315 813 cantus
2363 764 2430 813 et
2480 749 2709 814 fidium

427 853 723 916 redditus
788 853 1046 916 taurina
1110 874 1274 915 voce
1331 851 1586 936 mugire
1643 851 1899 927 dicitur,
1945 851 1986 913 i.
2036 874 2089 914 e.
2136 872 2333 914 rauco
2380 874 2709 915 murmure

428 977 658 1017 sonare
702 953 811 1016 Fr.
856 955 965 1017 55:
1016 945 1316 1038 ψαλιιὸς
1359 944 1440 1017 ‹5'
1465 944 1840 1027 αλαλιίζει·
1887 944 2480 1045 ταυρόφθογγοι
2523 944 2605 1017 δ’
2632 947 2712 1016 ὑ-

424 1034 909 1141 πομυκαῖνῑῐαι
960 1047 1209 1119 ποθὲν
1259 1046 1334 1132 ἐξ
1383 1044 1730 1147 αφανοῦς
1782 1047 2109 1171 φοβεροὶ
2144 1057 2388 1137 μῖμοι.

591 1158 720 1241 Ag.
767 1157 889 1218 244
935 1154 1015 1218 de
1072 1153 1448 1240 Iphigenia:
1503 1148 1702 1242 ἆγνᾳ
1751 1145 1833 1218 δ’
1839 1144 2279 1243 αταύρωτος
2328 1144 2525 1240 αὐδᾷ
2572 1174 2713 1220 πα-

429 1251 603 1345 τρὸς
687 1255 918 1349 φίλου
1010 1248 1554 1346 τριτόσπονδον
1649 1249 2025 1337 εὔποτμον
2105 1275 2386 1319 παιανα
2471 1252 2714 1348 φίλως

427 1351 659 1441 ἕτᾲια.
747 1356 1051 1441 Plerique
1104 1354 1518 1420 scholiasta-m
1574 1355 1801 1433 secuti,
1856 1355 1968 1439 qui
2015 1346 2455 1443 αταύρωτος
2510 1377 2711 1441 expo-

427 1459 529 1522 nit
571 1454 936 1540 αζευκτος,
989 1449 1429 1542 παρθενική,
1484 1455 1612 1519 hoc
1658 1456 2052 1541 adjectivum
2100 1456 2193 1519 ita
2236 1456 2592 1542 explicant,
2638 1470 2709 1521 ut

424 1560 688 1645 proprie
756 1558 1008 1622 dicatur
1074 1558 1155 1621 de
1222 1579 1439 1634 vacca,
1507 1579 1701 1642 quam
1764 1570 1986 1619 taurus
2052 1579 2188 1619 non
2244 1557 2556 1642 tetigerit,
2601 1554 2710 1620 hic

428 1660 505 1722 ad
574 1657 989 1744 Iphigeniam
1055 1658 1358 1721 tralatum
1424 1669 1653 1721 castam
1718 1660 2016 1740 virqinem
2073 1655 2422 1742 significet.
2519 1656 2710 1720 Hanc

427 1758 1040 1844 interpretationem
1083 1759 1429 1846 impugnat
1472 1758 1719 1833 Herm„
1764 1756 1873 1821 hic
1916 1756 2083 1820 nihil
2129 1758 2409 1821 attinere
2442 1771 2711 1821 conten-

429 1859 589 1922 dens
636 1858 1047 1945 Iphigeniam
1095 1859 1538 1944 incorruptam
1583 1858 1910 1945 virginem
1955 1858 2195 1921 vocari.
2283 1857 2433 1943 Ipse
2476 1858 2707 1921 vertit:

425 1983 544 2025 non
588 1961 858 2045 efferata,
905 1983 1040 2022 non
1083 1959 1442 2046 indignata,
1490 1960 1668 2044 quod
1710 1958 2120 2034 immoletur3
2157 1958 2271 2021 illa
2302 1957 2478 2021 enim
2509 1957 2709 2022 verba

423 2084 579 2137 non,
645 2073 721 2125 ut
776 2060 886 2124 alii
940 2060 1354 2146 interpretes,
1401 2060 1480 2123 ad
1526 2072 1808 2145 tempus,
1855 2082 2054 2144 quum
2102 2059 2280 2122 domi
2324 2059 2523 2145 patris
2569 2081 2710 2121 ver-

425 2162 704 2238 sabatur,
785 2161 900 2225 sed
979 2161 1059 2224 ad
1134 2160 1350 2247 ipsum
1424 2160 1897 2225 immolationis
1963 2172 2224 2246 tempus
2289 2158 2522 2236 refert3
2589 2183 2706 2245 pro

422 2263 726 2346 παιᾶνα,
783 2284 947 2347 quae
991 2275 1092 2325 est
1119 2262 1514 2346 conjectura,
1546 2261 1863 2325 librorum
1895 2259 2135 2326 αἰῶνα
2165 2261 2425 2324 retinet.
2500 2259 2708 2337 Quam

426 2362 976 2448 significationem
1023 2375 1097 2428 ut
1141 2361 1502 2440 confirmet,
1549 2362 1713 2425 duos
1758 2362 1939 2426 locos
1986 2384 2071 2424 ex
2115 2361 2340 2447 Eurip.
2388 2359 2594 2438 affert,
2638 2360 2709 2424 in

428 2463 663 2548 quibus
708 2463 980 2528 verbum
1030 2459 1504 2550 ταυροῦσθαι
1550 2462 1632 2526 de
1676 2463 1779 2539 iis,
1828 2462 1937 2546 qui
1984 2484 2180 2525 saevo
2225 2461 2413 2525 vultu
2459 2461 2702 2546 aliquid

425 2576 711 2641 tuentur,
778 2565 1046 2651 ponitur
1096 2563 1383 2649 imagine
1431 2563 1508 2626 ab
1556 2562 1763 2627 oculis
1808 2563 2011 2626 torvis
2055 2562 2224 2626 tauri
2271 2575 2547 2647 sumpta,
2595 2563 2708 2646 qui

424 2663 583 2727 iram
645 2677 712 2728 et
767 2664 1107 2729 saevitiam
1150 2664 1430 2751 prodere
1475 2663 1804 2741 videntur,
1851 2663 2027 2726 Med.
2073 2664 2154 2726 92
2199 2675 2266 2726 et
2309 2663 2449 2727 188.
2544 2662 2709 2727 Cnfr

427 2764 622 2828 etiam
676 2765 877 2829 Arist.
936 2765 1098 2829 Ran.
1155 2766 1306 2829 804:
1374 2758 1748 2853 ταυρηδὸν
1796 2761 2115 2845 βλέπειν.
2203 2763 2439 2827 Utrum
2487 2762 2704 2826 verius

426 2865 528 2942 sit,
595 2864 867 2932 difficile
936 2878 1036 2930 est
1101 2865 1495 2949 dijudicatu;
1551 2864 1829 2929 fortasse
1885 2863 1996 2929 hic
2037 2863 2385 2950 Iphigenia
2431 2864 2514 2927 ob
2562 2885 2703 2927 eam

423 2988 680 3031 causam
742 2967 1122 3052 incorrupta
1185 2966 1372 3052 virgo
1443 2979 1733 3041 vocatur,
1790 2966 1964 3050 quod
2022 2987 2251 3051 preces
2299 2986 2545 3041 eorum,
2593 2964 2705 3049 qui

420 3067 582 3131 casti
648 3068 988 3153 sanctique
1056 3083 1294 3145 essent,
1359 3067 1483 3131 diis
1538 3067 1746 3154 magis
1804 3078 2109 3152 acceptae
2162 3065 2576 3151 putabantur.
2620 3102 2707 3113 —

422 3167 720 3232 Similem
786 3168 920 3231 vim
976 3182 1168 3254 atque
1222 3168 1292 3232 in
1336 3167 1468 3231 illis
1511 3168 1676 3232 locis
1720 3166 2099 3254 Euripideis
2142 3164 2344 3230 habet
2387 3167 2706 3256 ταυροῦ-

421 3264 608 3333 σθαι
663 3267 956 3356 Choeph.
1003 3270 1154 3333 275:
1200 3259 1799 3360 ἀποχρημάτοισι
1843 3265 2128 3354 ζημίαις
2170 3259 2703 3357 ταυρούμενον,

418 3369 717 3432 bonorum
746 3371 994 3455 jactura
1036 3374 1284 3434 iratum.

588 3473 617 3554 ξ
665 3471 762 3534 18.
851 3469 1041 3549 Quod
1107 3470 1187 3534 ad
1253 3470 1575 3557 imagines
1630 3492 1667 3532 a
1708 3468 1919 3533 bobus
1966 3469 2202 3554 petitas
2248 3466 2700 3546 animadverti,

423 3592 528 3633 eas
574 3570 748 3657 apud
793 3584 1019 3658 poetas
1066 3570 1349 3635 Graecos
1393 3568 1961 3657 frequentissimas
2008 3590 2151 3632 esse
2198 3581 2264 3631 et
2303 3569 2589 3632 maxime
2622 3569 2702 3632 ad

420 3668 720 3736 homines
785 3671 1210 3737 illustrandos
1278 3670 1593 3748 adhiberi,
1659 3670 1727 3733 id
1792 3693 1926 3733 non
1993 3669 2209 3732 minus
2272 3668 2341 3732 in
2406 3691 2702 3754 equorum

419 3770 737 3859 imagines
785 3772 984 3850 cadit3
1029 3773 1098 3836 in
1146 3795 1274 3857 quo
1319 3771 1487 3835 nihil
1531 3784 1633 3835 est
1676 3769 1853 3856 quod
1883 3770 2212 3846 miremur,
2245 3791 2445 3854 quum
2476 3769 2699 3834 multis

420 3894 505 3934 ex
534 3872 728 3936 rebus
760 3887 990 3937 notum
1023 3873 1126 3952 sit,
1159 3886 1471 3959 quantum
1501 3870 1959 3936 delectationis
1985 3893 2184 3956 quum
2212 3893 2440 3934 omnes
2468 3869 2699 3934 Graeci

417 3984 556 4036 tum
622 3974 1003 4060 praesertim
1072 3973 1519 4040 Athenienses
1588 3972 1772 4058 equis
1831 3986 1899 4037 et
1950 3983 2087 4036 arte
2135 3970 2471 4058 equit-andi
2516 3991 2700 4034 exer-

418 4073 628 4137 cenda
658 4074 973 4161 ceperint.
1026 4074 1103 4139 In
1129 4074 1413 4161 antiquis
1438 4073 1950 4138 Atheniensium
1979 4072 2218 4137 fabulis
2241 4070 2574 4157 proditum
2600 4083 2700 4136 est

416 4196 681 4259 equum,
713 4197 912 4259 quum
944 4175 1098 4240 urbs
1129 4176 1545 4253 conderetur,
1570 4198 1605 4238 a
1627 4174 1942 4261 Neptuno
1971 4174 2052 4238 iis
2077 4174 2251 4239 dono
2276 4171 2498 4236 datum
2524 4193 2697 4249 esse3
