3134 4842
496 215 580 277 42

408 380 524 444 ille
568 380 638 443 in
685 374 970 468 ψήχειν,
1024 380 1133 445 hic
1175 382 1245 444 in
1299 374 1581 469 ψήξειν,
1626 382 1776 445 loco
1824 380 2094 445 Stobaei
2138 381 2395 466 (Floril.
2441 383 2542 460 38,
2589 384 2702 468 53)

413 482 576 559 nixi,
632 482 748 546 ubi
806 482 1093 545 animum
1139 482 1407 559 invidia,
1464 496 1539 546 ut
1582 481 1829 545 ferrum
1877 483 2130 569 robig0‚
2176 483 2517 568 paullatim
2566 506 2703 547 cor-

406 582 644 645 rodere
690 577 1184 671 (έξαναψήχει)
1231 583 1488 647 dicitur.
1580 582 1709 646 Sed
1755 583 1937 646 nulla
1975 583 2337 647 mutatione
2373 607 2536 669 opus
2570 599 2700 660 est;

408 704 562 746 nam
606 683 790 747 locus
834 682 946 747 ille
992 683 1184 747 Eum.
1233 685 1373 761 160,
1418 706 1611 768 quem
1644 706 1840 769 supra
1869 684 2399 761 commemoravi,
2432 685 2701 748 demon·

402 796 572 847 strat
617 806 766 847 eum
815 801 1101 861 sensum,
1148 807 1344 869 quem
1388 784 1557 848 ictus
1606 783 1852 870 flagelli
1884 784 2205 862 efficiunt,
2238 783 2446 871 frigus
2479 786 2700 850 vocari

409 906 624 970 posse.
713 883 1060 948 Praeterea
1102 883 1455 949 nescio‘an
1501 886 1823 971 scriptura
1867 885 2165 952 codicum
2206 886 2403 949 etiam
2436 909 2514 949 co
2548 909 2699 960 con-

406 983 726 1061 firmetur,
795 985 968 1070 quod
1038 984 1408 1070 Aeschylus
1476 986 1676 1052 talem
1741 1009 1980 1070 vocum
2048 986 2261 1049 simile
2320 987 2694 1051 sonantium

400 1085 946 1170 conjunctionem
1026 1080 1317 1174 (ψύχειν
1393 1081 1669 1174 ψυχιίν)
1733 1087 1841 1149 vel
1907 1086 2191 1150 maxime
2262 1099 2466 1163 amat;
2543 1087 2694 1151 vide

409 1186 625 1250 Prom.
670 1187 814 1263 480,
862 1187 1003 1264 959,
1050 1187 1286 1258 Quibus
1332 1199 1647 1251 sexcenta
1692 1186 1817 1251 alia
1860 1187 2012 1251 addi
2055 1201 2352 1273 possunt.
2394 1226 2479 1268 ε-
2508 1187 2698 1272 Ejus-

400 1286 561 1350 dem
621 1288 879 1374 generis
938 1287 1155 1406 imago
1201 1288 1562 1352 invenitur
1584 1287 1878 1373 Choeph.
1926 1289 2039 1352 83.
2083 1290 2481 1381 κρυφαίοις
2530 1288 2697 1355 πέν-

411 1382 628 1453 θεσιν
698 1388 1192 1475 παχνουμένη.
1295 1388 1600 1452 Ancillae
1670 1411 1737 1451 sc
1805 1388 1990 1453 luctu
2053 1389 2246 1475 plane
2317 1390 2694 1477 congelatas

399 1488 658 1564 dicunt,
706 1511 835 1574 quo
881 1488 1304 1553 vehementia
1347 1489 1592 1553 doloris
1638 1490 1808 1553 bene
1856 1490 2266 1575 exprimitur.

578 1638 871 1703 Verbum
938 1634 1545 1723 κατασβεννύναι,
1616 1641 1800 1724 cujus
1864 1640 2130 1725 propria
2191 1641 2289 1703 vis
2349 1656 2448 1705 est
2493 1646 2696 1727 iynem

404 1744 802 1825 exstinquere,
847 1741 1084 1804 mirum
1129 1741 1198 1805 in
1244 1740 1513 1805 modum
1561 1740 1641 1804 ad
1689 1764 1782 1818 ca,
1831 1763 1995 1825 quae
2040 1741 2180 1827 igni
2226 1742 2509 1806 maxime
2544 1765 2696 1806 con·

404 1841 602 1905 traria
667 1856 838 1918 sunt,
900 1865 1127 1927 aquam
1192 1843 1340 1907 dico
1388 1855 1454 1905 et
1499 1865 1697 1917 marc,
1744 1841 2155 1920 transfertur,
2201 1855 2276 1905 ut
2317 1843 2449 1905 vim
2498 1847 2693 1908 msic-

396 1944 589 2005 candi
633 1943 928 2028 accipiat.
1016 1945 1144 2029 Ag.
1192 1944 1344 2007 958:
1392 1942 1587 2009 ἔστιν
1620 1936 1998 2026 θάλασσα,
2035 1942 2137 2018 τίς
2182 1939 2268 2008 δέ
2308 1965 2422 2008 νιν
2469 1966 2696 2009 κατα-

398 2040 646 2123 σβέσει
656 2062 683 2123 ,·
748 2045 876 2129 Ag.
950 2044 1100 2107 888:
1179 2042 1432 2131 ἔμοιγε
1491 2038 1627 2109 ιιὲν
1677 2037 1765 2130 δὴ
1817 2037 2273 2127 κλαυμάτων
2323 2039 2694 2111 ἐπίσσυτοι

402 2138 636 2231 πηγαὶ
695 2138 1251 2231 κατεσβήκασιν.
1365 2145 1544 2230 Sept.
1613 2146 1766 2208 584:
1827 2139 2116 2234 μητρός
2170 2166 2246 2210 τε
2296 2139 2541 2234 πηγὴν
2594 2147 2697 2223 τίς

399 2242 837 2327 κατασβέσει
891 2240 1049 2332 δίκη
1058 2264 1087 2327 ‚·

574 2396 722 2460 Hoc
765 2396 914 2461 loco
948 2397 1597 2461 commemorandum
1630 2410 1731 2461 est
1759 2397 2032 2461 verbum
2065 2395 2229 2481 ζεῖν,
2263 2398 2458 2483 quod,
2492 2421 2690 2482 quum

394 2495 485 2559 dc
531 2520 698 2582 aqua
731 2497 881 2584 ‚igni
925 2497 1243 2562 calefacta
1285 2511 1352 2562 et
1395 2496 1867 2562 effervescente
1913 2499 2251 2584 proprium
2295 2512 2413 2576 est,
2447 2499 2526 2562 ad
2561 2500 2693 2562 ani·

401 2620 580 2660 mum
627 2598 1074 2690 vehementer,
1118 2599 1503 2683 praesertim
1549 2599 1663 2675 ira,
1711 2613 2112 2663 commotum
2151 2598 2536 2663 translatum
2571 2614 2688 2664 est.

396 2698 581 2783 Sept.
644 2700 766 2764 708
821 2699 901 2763 de
958 2700 1279 2763 daemone
1325 2700 1497 2763 malo
1545 2700 1779 2763 domus
1826 2699 2093 2784 Oedipi:
2140 2700 2272 2764 νῦν
2323 2693 2514 2767 δ’ἔτι
2567 2700 2689 2784 ζεῖ,

400 2803 749 2863 etiamnunc
778 2802 1001 2886 fervet,
1046 2801 1089 2863 i.
1138 2823 1192 2863 e.
1238 2802 1334 2863 ira
1379 2801 1540 2885 ejus,
1590 2822 1752 2885 quae
1800 2799 2118 2863 malorum
2161 2823 2354 2864 causa
2381 2814 2500 2877 cst,
2532 2825 2693 2865 non-

395 2899 557 2963 dum
638 2900 851 2964 desiit.
971 2900 1289 2984 Sequenti
1363 2923 1557 2964 versu
1634 2900 1863 2963 eadem
1939 2901 2157 2987 imago
2237 2902 2688 2965 continuatur:

402 2995 714 3079 ἐξέζεσεν
757 2995 902 3087 γὰρ
952 2998 1257 3067 Οἰδίπου
1300 2995 1800 3088 κατεύγματα.
1892 3000 2112 3087 Vulgo
2157 3002 2461 3066 vertitur:
2509 3006 2690 3087 effer-

401 3114 634 3180 verunt,
693 3116 768 3167 ut
810 3115 1028 3165 aestus
1073 3101 1313 3165 irarum
1361 3102 1944 3188 imprecationibus
1992 3102 2232 3188 Oedipi
2278 3103 2686 3168 attribuatur.

398 3203 511 3266 Ad
558 3202 949 3267 sententiam
998 3202 1231 3266 melius
1262 3203 1525 3268 videtur
1555 3226 1705 3266 cum
1737 3202 2120 3266 Hermanno
2151 3217 2436 3267 vertere:
2469 3205 2687 3290 ferve-

377 3305 674 3391 fecerunt
737 3307 899 3368 enim
963 3307 1159 3366 animi
1219 3316 1450 3368 aestum
1515 3306 1690 3368 dirae
1746 3306 1970 3388 patris,
2026 3326 2416 3388 quamquam
2472 3301 2688 3380 ἐκζεῖν

399 3404 558 3468 alias
603 3404 944 3469 transitive
993 3427 1123 3468 non
1171 3419 1539 3491 usurpatur.
1584 3443 1669 3452 -——
1714 3403 1928 3467 Prom.
1975 3406 2098 3468 378
2144 3404 2438 3468 Dindorf
2461 3406 2689 3470 scribit

400 3498 633 3592 ὀργῆς
680 3499 980 3590 ζεούσης
1029 3528 1148 3591 pro
1196 3506 1494 3570 codicum
1543 3499 1928 3591 νοσούσης.
2023 3504 2190 3569 Vide
2239 3505 2436 3570 etiam
2467 3506 2683 3569 Prom.

391 3607 554 3671 370:
606 3599 894 3673 τοιόνδε
947 3599 1227 3698 Τυφώς
1254 3601 1658 3685 ἐξαναζέσει
1690 3599 1955 3692 χόλον,
1989 3606 2164 3690 quod
2197 3606 2392 3668 simul
2423 3608 2685 3692 proprie

396 3721 467 3772 et
531 3708 841 3771 translate
902 3707 1148 3771 dictum
1209 3721 1327 3772 est.
1370 3746 1453 3755 —-
1501 3707 1874 3771 Secundum
1924 3705 2461 3792 Etymologicum
2506 3708 2687 3795 Mag-

396 3831 560 3871 num
604 3810 744 3885 796,
777 3810 814 3872 6
847 3808 1043 3872 etiam
1075 3809 1349 3872 verbum
1384 3801 1650 3900 φλύειν
1676 3808 1868 3872 initio
1901 3808 1982 3871 de
2016 3830 2180 3892 aqua
2211 3806 2683 3873 effervescente

391 3909 649 3974 dictum
706 3922 835 3985 est;
889 3907 1261 3993 Aeschylus
1320 3909 1387 3973 id
1434 3909 1527 3975 sic
1572 3923 1862 3995 usurpat,
1908 3921 1982 3971 ut
2024 3908 2221 3970 verbis
2264 3912 2447 3992 quasi
2489 3932 2685 3974 exun—

388 4013 567 4089 dare,
612 4011 654 4074 i.
703 4034 759 4074 e.
804 4011 1000 4075 verbis
1038 4010 1353 4074 inutilibus
1382 4013 1490 4088 uti,
1520 4034 1584 4075 se
1601 4012 1836 4092 jactare
1864 4007 2212 4095 significet.
2284 4008 2500 4073 Prom.
2534 4011 2684 4075 504:

388 4103 660 4197 οὐδεὶς,
715 4097 1113 4206 σάφόῗὸά,
1161 4104 1269 4198 μὴ
1314 4104 1566 4200 μάτην
1620 4104 1901 4203 φλύσαι
1953 4105 2228 4175 θέλων.
2320 4109 2497 4196 Sept.
2532 4113 2684 4175 662:
