3134 4842
2491 216 2606 279 101

413 372 657 467 ἡδύνει
724 389 791 442 et
858 376 954 453 εἰς
1007 373 1307 468 μνήμην
1357 381 1643 469 ἔρχεται
1692 376 1815 447 καὶ
1868 373 2242 481 εὐφραίνει
2301 399 2380 448 σε
2433 377 2555 447 διὰ
2614 377 2701 449 τὸ

415 467 596 546 εἶναι
669 472 986 566 ἀληθοῦς
1058 474 1409 570 δάμαρτα
1475 475 1660 559 Διός
1714 496 1781 547 et
1827 476 2362 571 ὑπομιμνήσκει
2412 480 2533 549 καὶ
2586 477 2705 550 εὐ·-

417 582 714 673 φραίνει
790 598 888 646 σε.
998 582 1224 647 Herm.
1295 584 1522 648 scribit
1580 583 1645 649 εἰ
1705 580 1939 650 ταῖνδε
2003 585 2423 677 προςσαίνει
2478 585 2561 651 σέ
2608 608 2699 651 τι.

417 683 532 747 Cfr
590 682 788 770 Soph.
834 685 993 747 Ant.
1041 686 1233 748 1214:
1288 679 1556 761 παιδός
1602 706 1700 773 με
1754 687 1979 752 σαίνει
2028 679 2412 779 φθόγγος.
2457 726 2544 735 -
2587 688 2700 752 Bis

413 783 786 870 Aeschylus
833 784 1103 850 σαίνειν
1147 810 1296 850 cum
1343 788 1603 873 objecto
1643 780 1893 880 μόρον
1937 789 2284 875 conjungit
2326 788 2395 851 in
2441 801 2702 853 senten-

412 886 603 951 tiam:
649 888 831 949 morti
872 897 1185 971 tamquam
1229 889 1515 966 blandiri,
1560 911 1636 953 ne
1678 912 1739 954 se
1782 890 2068 973 abripiat,
2113 890 2155 953 i.
2203 913 2258 953 e.
2303 900 2556 954 mortem
2586 894 2704 955 evi-

413 998 541 1052 tare
605 988 865 1063 studere,
933 988 1361 1053 similitudine
1431 1014 1467 1053 a
1527 1013 1687 1053 cane
1747 991 2110 1077 desumpta,
2159 991 2268 1076 qui
2314 992 2519 1055 cauda
2564 1016 2702 1055 mo-

247 1155 257 1172 „
332 1177 335 1178 γ
412 1088 627 1152 venda
669 1088 830 1151 iram
879 1089 1127 1153 domini
1171 1090 1380 1155 lenire
1427 1092 1666 1155 studet.
1754 1092 1930 1178 Sept.
1962 1093 2115 1156 383:
2160 1092 2431 1158 σαίνειν
2454 1087 2703 1181 μόρον

416 1210 494 1255 τε
544 1185 663 1255 καὶ
707 1183 979 1278 μα’χην.
1070 1191 1247 1277 Sept.
1296 1194 1446 1257 704:
1506 1193 1586 1259 τί
1627 1176 1766 1259 οὖν
1817 1181 2053 1260 ἔτ’ὗὲν
2106 1194 2486 1280 σαίνοιμεν
2531 1186 2702 1260 ,ὃλέ-

418 1288 641 1383 θριον
685 1285 973 1379 μόρον,·

581 1393 807 1458 Restat
873 1394 1002 1458 iam
1069 1417 1274 1457 unum
1334 1394 1547 1460 simile
1595 1421 1631 1459 a
1676 1419 1835 1460 cane
1883 1395 2151 1460 ductum
2200 1394 2496 1482 Choeph.
2544 1399 2699 1461 446:

407 1496 656 1581 μυχοῦ
743 1481 790 1560 δ
804 1486 1210 1589 ’ἄφερκτος
1280 1495 1730 1573 πολυσινοῦς
1802 1492 2023 1574 κυνὸς
2096 1491 2320 1585 δίκην.
2439 1498 2740 1562 Electra>
2835 1581 2844 1590 ,

416 1596 653 1661 dicitur
696 1596 886 1660 noxii
932 1596 1110 1662 canis
1156 1597 1362 1661 instar
1407 1622 1443 1661 a
1471 1598 1920 1686 penetralibus
1953 1598 2208 1664 seclusa
2241 1622 2405 1663 esse.
2473 1600 2701 1663 Herm.

414 1698 640 1762 scribit
662 1699 885 1785 μυχῷ
924 1692 972 1765 δ
985 1690 1406 1792 ’ἄφερκτος,
1437 1703 1503 1764 in
1527 1701 1943 1785 penetralibus
1973 1693 2229 1776 iizclusa,
2261 1700 2478 1765 minus
2509 1701 2702 1777 bene,

415 1822 614 1884 quum
658 1800 841 1863 nullo
886 1800 1060 1877 1000,
1109 1801 1284 1887 quod
1334 1802 1554 1880 sciam,
1601 1802 1910 1866 traditum
1958 1801 2044 1866 sit
2079 1801 2410 1865 Electram
2444 1825 2700 1865 carcere

414 1899 626 1964 inclus
780 1924 942 1965 esse.

384 2071 391 2075 ,
582 1924 774 2166 ᾧῷ
841 2002 1192 2081 Homerus,
1240 2004 1351 2090 qui
1394 2003 1792 2090 imaginibus
1836 2026 1921 2067 ex
1948 2004 2086 2068 vita
2128 2004 2487 2068 bestiarum
2532 1993 2703 2066 sum-

413 2103 541 2187 ptis
587 2127 629 2190 p
745 2116 844 2167 ter
889 2116 1138 2169 ceteras
1186 2106 1566 2183 delectatur,
1613 2104 1860 2168 nullam
1902 2119 2124 2170 tamen
2158 2105 2417 2191 saepius
2448 2104 2705 2167 inducit

415 2225 606 2288 quam
672 2228 896 2291 regem
964 2205 1269 2285 ferarum,
1338 2208 1565 2271 leonem
1581 2232 1602 2282 ,-
1669 2205 2135 2270 similitudines
2204 2207 2282 2270 ab
2342 2229 2419 2268 eo
2468 2205 2701 2269 ductae

415 2317 720 2387 quattuor
765 2319 832 2369 ot
875 2305 1163 2393 triginta,
1211 2309 1339 2371 nisi
1383 2308 1453 2370 in
1499 2307 1906 2371 numerando
1940 2308 2169 2385 erravi,
2203 2307 2272 2370 in
2306 2306 2702 2371 carminibus

414 2404 784 2470 Homericis
841 2406 1287 2472 inveniuntur.
1390 2409 1632 2472 Mirum
1686 2408 1888 2495 igitur
1934 2432 2075 2473 esse
2122 2409 2356 2494 nequit
2398 2408 2718 2495 t1·agiCOS‚.

416 2527 691 2590 quorum
749 2507 1033 2571 studium
1090 2508 1366 2573 Homeri
1409 2509 1714 2574 imitandi
1758 2533 1895 2573 non
1941 2510 2211 2573 minime
2259 2509 2330 2572 in
2377 2532 2706 2596 compara-

414 2606 706 2671 tionibus
740 2609 1046 2688 cernitur,
1082 2610 1357 2674 eandem
1390 2611 1751 2697 imaginem
1781 2611 2041 2698 saepius
2075 2609 2406 2675 adhibere.
2482 2610 2704 2697 Vulgo

417 2708 589 2792 apud
656 2732 768 2772 cos
836 2708 940 2772 leo
1006 2709 1422 2776 ferocitatem
1480 2724 1546 2775 et
1592 2712 1929 2798 sanguinis
1977 2711 2404 2797 cupiditatem
2450 2735 2708 2797 reprae-

416 2821 647 2871 sentat.
758 2809 938 2872 Infra
1011 2812 1276 2876 uberius
1345 2814 1424 2877 de
1461 2873 1467 2878 ,
1500 2812 1829 2899 explicata
1895 2814 2010 2876 illa
2076 2813 2508 2877 similitudine
2577 2815 2706 2900 Ag.

418 2910 748 2973 717—736
795 2910 1163 2997 disputabo,
1211 2937 1338 2999 qua
1381 2914 1563 2978 nulla
1601 2914 1867 2999 longior
1896 2915 1965 2978 in
1997 2914 2355 3003 tragoediis
2387 2914 2708 3000 Aeschyli

412 3010 748 3075 invenitur
762 3036 774 3075 ε

346 3221 353 3226 ,
414 3160 740 3255 ἔθρεψεν
792 3159 872 3230 δὲ
919 3162 1222 3242 λέοντος

412 3251 552 3330 ἶνιν
603 3258 867 3352 δόμοις
918 3260 1353 3352 α’γιέλακτον

414 3359 659 3443 οὕτως
710 3360 896 3458 ἀνὴρ
955 3363 1450 3462 φιλόμαστον,

414 3462 489 3535 έν
538 3461 809 3551 βιότου
862 3469 1317 3560 προτελείοις

413 3563 717 3662 ἅμερον,
773 3561 1279 3664 εὐφιλόπαιδα

411 3666 536 3736 καὶ
587 3677 933 3764 γεραροῖς
983 3666 1398 3763 ἐπιχαρτον.

414 3770 647 3838 πολέα
701 3769 747 3839 δ
761 3766 781 3791 '
814 3764 977 3860 ἔσχ’
1005 3767 1080 3840 έν
1131 3765 1493 3861 α’γκοὶλαις

414 3872 846 3969 νεοτρόφου
901 3875 1156 3942 τέκνου
1210 3871 1437 3959 δίκαν,

416 3969 864 4069 φαιδρωπὸς
913 3973 1085 4043 ποτὶ
1137 3983 1348 4070 χεῖρα
1402 3979 1678 4044 σαίνων
1733 3998 1809 4044 τε
1865 3974 2189 4072 γαστρὸς
2240 3970 2618 4066 ἀνάγκαις.

404 4073 838 4167 χρονισθεὶς
891 4072 939 4141 δ
952 4069 972 4094 '
1000 4071 1372 4159 ἀπέδειξεν

415 4164 611 4266 ἦθος
670 4172 754 4246 τὸ
809 4171 1110 4271 πρόσθε
1164 4173 1476 4269 τοκήων.
