3134 4842
493 194 575 257 88

407 353 654 446 ζυγόν.
763 358 940 444 Sept.
1012 359 1124 422 75:
1193 353 1599 451 ἐλευθέραν
1672 353 1750 424 δὲ
1826 361 1963 447 γῆν
2040 381 2116 426 τε
2186 356 2308 425 καὶ
2373 352 2708 444 Κάδμου

406 452 629 526 πόλιν
704 457 985 547 ζυγοῖσι
1060 454 1419 526 δουλιοισι
1488 454 1782 547 μήποτε
1858 458 2172 547 σχεθεῖν.
2293 460 2468 546 Sept.
2536 462 2707 524 471:

409 554 541 626 τὸν
594 559 1015 675 φερέγγυον
1066 554 1360 637 πόλεως
1410 552 1790 649 ἀπείργειν
1842 558 2058 648 τῆσδε
2097 557 2399 628 δούλιον
2442 555 2692 649 ζυγόν.

412 661 588 748 Sept.
615 663 764 726 793:
784 652 999 736 πόλις
1017 660 1385 778 πέφευγεν
1409 655 1533 749 ἥδε
1555 654 1861 728 δούλιον
1882 656 2126 750 ζυγόν.
2177 662 2490 727 Similiter
2513 661 2690 725 Pers.

410 764 561 827 594:
618 760 913 828 λέλυται
968 755 1113 850 γαρ
1166 757 1350 839 λαὸς
1401 756 1768 856 ἐλεύθερα
1821 758 2076 846 βάζειν
2129 784 2231 839 ως
2282 755 2521 849 ἐλύθη
2575 761 2700 837 ζυ-

410 859 548 952 γὸν
591 855 840 938 αλκᾶς.
929 863 1209 950 Regium
1253 864 1605 978 imperium
1652 877 1751 927 est
1792 876 2121 949 tamquam
2160 865 2394 950 jugum
2427 863 2710 949 populis

411 964 609 1028 Asiae
681 964 1084 1050 impositum,
1153 965 1328 1049 quod
1393 965 1520 1028 iam
1587 965 1668 1028 iis
1729 965 2067 1052 demptum
2122 988 2263 1029 csse
2311 965 2565 1029 dicitur.
2610 1002 2695 1011 —

410 1065 706 1129 Verbum
751 1063 1021 1153 ζυγοῦν
1065 1065 1142 1128 ab
1189 1063 1525 1150 Aeschylo
1573 1064 2057 1151 significatione
2103 1069 2398 1130 domandi
2427 1088 2698 1151 usurpa-

409 1180 550 1230 tum
597 1188 740 1230 esse
785 1178 1062 1229 testatur
1104 1165 1476 1251 Hesychius
1525 1166 1659 1250 (Fr.
1708 1167 1884 1251 113):
1931 1159 2286 1254 ζυγῶσωε
2349 1159 2702 1251 δαμεῖσα),

408 1265 699 1350 κλείσω,
772 1263 1100 1345 καθέξω.
1208 1261 1586 1353 Αἰσχύλος
1660 1267 1891 1358 Κίρκῃ
1962 1268 2337 1359 σατυρικῇ.
2389 1306 2475 1315 -
2518 1266 2693 1331 Pons

409 1368 524 1431 ille
570 1368 816 1431 navalis
864 1391 900 1430 a
944 1367 1169 1431 Xerxe
1212 1368 1283 1430 in
1327 1367 1765 1453 Hellesponto
1802 1367 2034 1447 factu8,
2066 1382 2140 1431 ut
2170 1391 2297 1453 quo
2327 1391 2503 1430 mare
2535 1382 2700 1431 tam-

414 1491 604 1553 quam
675 1468 1003 1532 domuerit
1066 1482 1134 1532 et
1189 1468 1313 1531 sibi
1371 1491 1598 1554 parere
1648 1470 1959 1555 coegerit,
1999 1471 2234 1556 jugum
2281 1468 2453 1531 00110
2500 1469 2693 1531 maris

409 1569 794 1655 impositum
859 1582 1133 1632 vocatur
1188 1569 1364 1633 Pers.
1413 1572 1524 1634 71.
1582 1562 2096 1664 πολυγομφον
2148 1563 2421 1653 ὅδισμα
2473 1562 2698 1657 ζυγὸν

412 1663 883 1764 αμφιβαλων
947 1661 1193 1756 αὐχένι
1247 1663 1551 1736 πόντου.
1617 1709 1702 1717 —
1768 1669 1892 1748 Qui
1959 1670 2351 1734 necessitate
2420 1670 2712 1755 cogitur,

405 1772 638 1857 jugum
710 1770 1038 1857 accepisse
1107 1771 1365 1835 dicitur.
1461 1772 1590 1857 Ag.
1650 1772 1770 1834 218
1816 1772 1895 1835 de
1942 1774 2447 1858 Agamemnone
2494 1770 2695 1833 filiam

411 1871 751 1935 immolare
821 1885 1176 1936 statuente:
1251 1866 1402 1938 ἐπεὶ
1465 1865 1547 1937 δ”
1552 1864 1882 1958 ανάγκας
1933 1869 2056 1937 ἔδυ
2106 1867 2494 1938 λέπαδνον.
2581 1870 2700 1938 λέ-

412 1968 721 2056 παδνον,
779 1973 954 2057 quod
1002 1986 1138 2036 erat
1179 1973 1414 2050 lorum,
1463 1996 1591 2057 quo
1631 1973 1866 2059 jugum
1914 1973 1992 2036 ad
2038 1972 2205 2037 colla
2243 1975 2698 2057 jumentorum

415 2074 820 2160 alligabatur,
865 2072 974 2135 hic
1018 2096 1135 2158 per
1181 2073 1642 2157 synecdochen
1688 2097 1806 2158 pro
1853 2087 1993 2137 toto
2032 2074 2196 2159 jugo
2244 2074 2532 2159 positum
2579 2085 2697 2136 est.

417 2174 632 2252 Quum
697 2173 805 2235 hic
858 2173 1273 2258 Agamemno
1331 2174 1741 2237 necessitatis
1781 2174 2015 2260 jugum
2062 2175 2392 2260 accepisse
2440 2174 2700 2250 dicitur,

418 2297 645 2338 omnes
716 2273 1020 2359 tragicae.
1068 2273 1220 2337 artis
1287 2274 1483 2359 periti
1550 2288 1916 2360 agnoscunt
1967 2298 2101 2338 non
2149 2298 2290 2338 esse
2337 2274 2699 2338 naturalem

418 2375 742 2459 quandam
791 2388 857 2438 et
901 2374 1263 2438 absolutam
1312 2375 1772 2438 necessitatem
1818 2375 2339 2462 intelligendam,
2387 2376 2499 2438 sed
2536 2398 2700 2453 eam,

419 2498 611 2561 quam
684 2475 807 2539 sibi
863 2475 1005 2561 ipse
1059 2476 1467 2561 imposuerit,
1525 2499 1724 2560 quum
1782 2501 1814 2538 a
1872 2476 2049 2539 bello
2098 2476 2412 2539 desistere
2459 2476 2714 2552 nollet3,v

414 2576 580 2639 illud
635 2576 811 2639 enim
865 2589 1077 2639 totum
1125 2576 1469 2641 consilium
1516 2577 1893 2661 tragoediae
1940 2590 2362 2663 perverteret,
2410 2576 2584 2661 quod
2628 2576 2704 2639 in

416 2677 543 2741 hoc
608 2678 753 2763 ipso
822 2677 1141 2754 consistit,
1208 2690 1282 2740 ut
1344 2679 1758 2763 Agamemno
1817 2677 1951 2740 filia
1995 2678 2395 2741 immolanda
2440 2677 2708 2763 culpam-

420 2776 776 2842 contrahat.
870 2776 985 2840 Cfr
1037 2778 1194 2841 Eur.
1254 2777 1361 2841 Or.
1410 2780 1602 2842 1330:
1669 2770 1997 2866 ἀνάγκης
2052 2778 2147 2854 εἰς
2199 2771 2425 2866 ζυγὸν
2470 2774 2701 2843 καθέ-

420 2897 712 2963 σταμεν.
779 2916 863 2924 -
926 2877 1143 2942 Etiam
1209 2879 1285 2955 is,
1354 2879 1466 2963 qui
1524 2878 1709 2941 malis
1755 2878 1860 2942 vel
1906 2878 2240 2943 doloribus
2288 2878 2702 2965 opprimitur,

411 2981 648 3067 jugum
694 2978 819 3042 sibi
863 2978 1245 3064 impositum
1291 2978 1508 3042 habet.
1599 2979 2025 3066 Templorum
2072 2995 2138 3044 et
2181 2980 2480 3043 altarium
2522 3002 2704 3042 ever-

420 3082 539 3158 sio,
585 3078 924 3166 populatio
971 3079 1233 3165 segetis,
1280 3091 1497 3142 cetera
1539 3080 1726 3155 mala,
1771 3103 1935 3165 quae
1970 3095 2193 3166 captae
2229 3081 2372 3144 urbi
2403 3080 2699 3144 accidere

421 3182 655 3258 solent,
711 3179 1171 3266 respiciuntur,
1219 3202 1418 3264 quum
1464 3180 1879 3266 Agamemno
1928 3181 2166 3265 Trojae
2205 3183 2440 3267 jugum
2485 3181 2704 3266 impo-

421 3282 628 3345 suisse
702 3281 941 3344 dicitur
1007 3283 1132 3366 Ag.
1204 3281 1356 3345 529:
1433 3276 1722 3346 τοιόνδε
1784 3281 2016 3372 Τροία
2066 3276 2497 3370 περιβαλών
2546 3279 2703 3357 ζευ-

417 3376 741 3470 κτήριον.
820 3420 903 3428 -
979 3381 1275 3445 Verbum
1350 3374 1830 3469 ἕνζευγνύναι,
1906 3382 2171 3468 proprie
2224 3385 2572 3469 jumentum
2634 3384 2704 3444 in

409 3486 636 3570 juyum
658 3483 914 3567 illiyare‚
940 3481 1249 3546 translate
1275 3482 1355 3545 de
1383 3505 1462 3545 eo
1487 3483 1774 3568 ponitur,
1802 3483 1914 3567 qui
1938 3482 2221 3568 aliquem
2247 3483 2500 3570 magnis
2524 3482 2718 3546 labo*

420 3584 599 3647 ribus
646 3581 868 3661 afficit,
913 3597 987 3646 ut
1030 3597 1357 3667 tamquam
1403 3584 1781 3667 jumentum
1826 3608 2022 3670 grave
2056 3608 2220 3648 onus
2250 3584 2481 3648 trahat.
2551 3583 2707 3646 Pro-

423 3684 722 3748 metheus
777 3684 857 3747 de
904 3683 1090 3747 malis
1146 3684 1272 3747 sibi
1318 3706 1354 3747 a
1395 3683 1567 3748 Jove
1616 3684 1824 3748 allatis
1872 3685 2088 3748 Prom.
2122 3687 2272 3750 579:
2313 3682 2409 3770 μὲ
2455 3676 2699 3751 ταῖσδ’

421 3781 779 3863 ἐνέζευξας
830 3778 905 3851 ἕν
954 3779 1434 3872 πημοσύναις.
1538 3787 1687 3849 108:
1756 3778 2111 3873 ἀνάγκαις
2173 3780 2250 3851 δὲ
2303 3777 2706 3851 ταῖσδ’ένέ-

420 3885 724 3974 ζευγμαι
779 3878 1024 3961 Talae.
1113 3885 1286 3950 Vide
1331 3886 1514 3949 locos
1561 3910 1756 3972 supra
1810 3886 2036 3951 allatos
2082 3889 2209 3972 Ag.
2252 3888 2443 3951 1640:
2476 3878 2704 3965 ζεύξω

420 3984 755 4076 βαρείαις
808 3987 923 4071 (sc.
968 3980 1348 4074 ζεύγλαις).
1439 3986 1736 4073 Choeph.
1785 3990 1934 4051 794.
1979 3980 2272 4075 ζυγέντ’
2278 3982 2353 4053 ἐν
2380 3982 2722 4086 ἅρμασιιυ

420 4108 806 4176 πηματων.
907 4089 1036 4174 Ag.
1093 4089 1248 4153 842:
1303 4082 1696 4164 ’Ὀδυσσεὺς
1746 4126 1844 4135 —-
1894 4083 2223 4174 ζευχθεὶς
2273 4085 2565 4174 ἕτοιμος
2617 4087 2720 4175 ἠιν

422 4182 586 4277 ἐμοὶ
616 4182 1094 4283 σειραφόρος.
1169 4184 1754 4265 Ρ10111.1ΟΟ9;ως
1792 4184 2133 4277 νεοζυγὴς
2161 4187 2417 4265 monog
2442 4184 2706 4272 βιαζει
