3134 4842
471 207 549 269 56

388 369 677 461 ρίζωμα
743 371 1021 458 opponi3
1089 372 1417 460 σπαρτοί
1473 371 1671 435 etiam
1718 392 1797 434 eo
1854 393 2051 434 sensu
2104 382 2443 447 vocantur,
2490 370 2671 454 quod

388 476 530 559 ejus
597 473 854 544 radicis,
922 495 1086 557 quae
1154 486 1255 537 est
1318 472 1757 558 Melanippus,
1813 485 2140 556 tamquam
2201 470 2453 534 semina
2496 484 2672 534 sunt.

389 575 595 638 Aliud
662 572 958 658 ejusdem
1026 573 1468 637 translationis
1539 572 1917 657 exemplum
1987 585 2088 635 est
2144 572 2320 656 Sept.
2369 571 2510 649 752,
2555 571 2671 634 ubi

390 676 471 739 de
548 675 805 761 Oedipo
879 673 1007 738 hoc
1084 673 1353 738 dicitur:
1453 666 1629 740 ὅστε
1699 666 1990 761 ματρὸς
2061 666 2300 759 ἁγνὰν
2374 671 2672 760 σπείρας

389 773 749 865 ἄρουραν,
813 766 920 839 ἵν’
975 767 1282 873 ἐτράφη,
1338 769 1544 862 ῥίζαν
1598 767 2097 860 αἱματόεσσαν
2148 770 2342 838 ἔτλα.
2446 772 2515 836 Si
2580 773 2674 835 ita

388 892 564 941 recte
613 875 934 952 scribitur,
974 873 1148 941 ἔτλα
1188 875 1605 961 participium
1638 874 1934 965 σπείρας
1963 874 2134 959 regit
2162 889 2229 937 et
2260 896 2344 936 ex
2376 872 2674 963 σπείρας

392 979 520 1041 duo
594 975 949 1040 accusativi
1013 976 1326 1062 pendent.
1435 976 1784 1039 Praeterea
1847 975 2253 1038 monendum
2311 987 2410 1037 est
2467 968 2673 1061 ῥίζαν

391 1079 519 1142 nisi
586 1101 705 1163 per
769 1075 1108 1163 prolepsin
1175 1076 1519 1161 quandam,
1585 1099 1777 1161 quam
1842 1090 2101 1151 vocant,
2170 1098 2317 1137 cum
2377 1074 2677 1162 σπείρας

391 1178 709 1263 conjungi
774 1200 908 1240 non
973 1200 1205 1263 posse;
1272 1201 1405 1240 non
1482 1191 1584 1240 est-
1649 1177 1824 1240 enim
1881 1171 2043 1264 ῥίζα
2095 1177 2311 1261 ipsum
2357 1176 2446 1252 id,
2493 1176 2668 1260 quod

393 1281 648 1356 seritur,
696 1278 811 1342 sed
854 1276 943 1354 id,
992 1277 1167 1362 quod
1212 1300 1298 1340 ex
1344 1301 1445 1354 eo,
1493 1277 1669 1362 quod
1714 1277 1968 1354 seritur,
2017 1276 2296 1353 exsistit,
2342 1276 2450 1340 hic
2479 1276 2673 1340 liberi

359 1379 650 1466 Oedipi.
708 1418 793 1426 —
847 1378 1108 1442 Statuae
1157 1378 1427 1442 deorum
1471 1372 1859 1468 πρόρριζα,
1905 1379 2051 1440 i.·e.
2097 1377 2417 1454 funditus,
2463 1377 2672 1440 everti

393 1481 700 1544 dicuntur
743 1479 1032 1564 imagine
1081 1479 1380 1542 arborem
1414 1492 1774 1564 spectante,
1808 1501 1972 1564 quae
2004 1478 2313 1542 radicitus
2348 1477 2672 1554 evellitur,

392 1579 569 1644 PerS.
620 1582 771 1644 811:
843 1572 1224 1662 δαιμόνων
1277 1571 1648 1668 ἱδρύματα
1698 1574 2063 1668 πρόρριζα
2105 1572 2397 1677 φύρδην
2438 1573 2676 1656 ἐξανέ-

394 1701 756 1772 στραπται
808 1673 1161 1770 βάθρων.
1231 1720 1316 1728 -
1382 1680 1627 1743 Similis
1686 1694 1785 1744 est
1827 1681 2011 1743 locus
2061 1679 2238 1765 Sept.
2287 1682 2385 1756 71,
2430 1679 2544 1742 ubi
2590 1680 2671 1743 de

393 1783 571 1846 urbis
620 1781 881 1846 excidio
925 1795 1256 1866 tamquam
1304 1782 1385 1845 de
1424 1782 1655 1845 arbore
1686 1781 1997 1844 radicitus
2031 1779 2376 1843 evellenda
2404 1780 2672 1844 dicitur:

391 1877 495 1970 μή
570 1902 706 1969 μοι
789 1875 1009 1948 πόλιν
1093 1903 1177 1969 γε
1251 1877 1681 1972 πρέμνοθεν
1753 1875 2259 1968 πανώλεθρον
2324 1874 2676 1965 ἐκθαμνί-

395 2004 565 2070 σητε
640 1976 1056 2073 δῃάλωτον.
1167 1983 1294 2045 Pro
1361 1976 1825 2069 πρυμνόθεν,
1879 2005 2066 2067 ,quae
2125 1982 2422 2044 codicum
2472 1982 2672 2046 lectio

395 2098 512 2161 est,
591 2107 766 2147 nunc
833 2107 869 2146 a
934 2082 1265 2169 plerisque
1334 2083 1641 2147 scribitur
1703 2078 2154 2171 πρέμνοθεν,
2230 2082 2406 2167 quod
2473 2106 2674 2167 quum

394 2211 430 2247 a
513 2182 841 2276 πρέμνον
927 2184 1195 2246 ductum
1285 2183 1369 2246 sit
1456 2197 1522 2246 et
1607 2184 1873 2270 proprie
1960 2186 2236 2267 stirpitus
2323 2183 2673 2269 significet-⁵,

398 2285 661 2371 egregie
711 2285 772 2347 ei
820 2283 1260 2370 metaphorae,
1309 2307 1472 2368 quae
1521 2298 1622 2347 est
1663 2285 1734 2347 in
1779 2278 2293 2370 ἐκθαμνίσητε,
2342 2284 2675 2347 convenit.

397 2386 608 2464 Quare
674 2384 837 2448 haec
901 2384 1099 2448 lectio
1164 2384 1442 2448 lectioni
1497 2384 1799 2449 codicum
1845 2384 2277 2471 praeferenda
2322 2407 2465 2448 esse
2511 2384 2675 2447 mihi

393 2488 673 2563 videtur,
706 2500 780 2549 ut
807 2485 999 2549 valde
1031 2486 1231 2548 mirer
1258 2486 1614 2549 nonnullos
1647 2487 1735 2571 (v.
1762 2510 1815 2550 o.
1842 2486 2196 2561 VVellauer,
2220 2486 2384 2548 Lex.
2409 2485 2675 2562 Aesch.,

398 2589 591 2672 Pape,
631 2586 889 2651 Griech.
926 2585 1280 2670 Worterb.)
1309 2585 1490 2649 illam
1521 2587 1868 2650 retinuisse
1902 2587 2309 2673 explicantes
2340 2609 2415 2650 ex
2440 2590 2643 2671 puppz'
2655 2612 2678 2661 3

396 2712 546 2751 nam
593 2689 646 2751 si
691 2688 784 2751 ita
813 2701 1005 2764 esset,
1039 2687 1204 2750 duae
1238 2687 1718 2751 diversissimae
1750 2687 2071 2773 imagines
2101 2688 2676 2771 permiscerentur,

396 2790 463 2851 id
533 2788 709 2873 quod
777 2787 854 2850 ab
914 2787 1234 2872 Aeschyli
1280 2787 1757 2852 consuetudine
1804 2787 2128 2852 abhorret.
2216 2787 2411 2850 Hunc
2454 2787 2678 2851 locum

395 2887 777 2974 respicienti
835 2887 1404 2974 persuasissimum
1461 2888 1625 2950 mihi
1671 2901 1771 2951 est
1816 2888 2010 2953 etiam
2059 2888 2236 2974 Sept.
2287 2890 2446 2952 1056
2504 2887 2678 2980 πρέ-

390 2986 687 3074 μνοθεν
738 2988 1155 3066 scribendum
1204 3010 1366 3064 esse,
1416 3002 1486 3051 ut
1517 2989 1630 3053 sit:
1676 2980 1834 3054 αἴτ’
1871 2982 2228 3055 Οἰδιπόδα
2258 2988 2467 3075 γένος
2495 2981 2678 3055 ὠλέ-

402 3110 577 3156 σατε
639 3084 1065 3180 πρέμνοθεν
1118 3080 1382 3170 οὕτως,
1438 3103 1505 3152 et
1567 3089 2019 3176 metaphoram
2076 3091 2153 3153 ab
2200 3090 2676 3176 exstirpatione

398 3191 646 3256 arboris
692 3188 1137 3276 repetendam.
1181 3228 1266 3236 —-
1311 3189 1501 3267 Quod
1546 3191 1766 3276 imago
1808 3191 2056 3254 arboris
2089 3190 2382 3276 stirpitus
2412 3190 2676 3254 evulsae

399 3293 829 3377 cogitabatur,
876 3290 1122 3354 sactum
1168 3313 1309 3354 esse
1357 3291 1574 3367 cred0,
1621 3304 1694 3354 ut
1736 3285 2270 3378 αὐτόπρεμ-νος,
2313 3291 2489 3376 quod
2532 3315 2681 3377 pro-

397 3394 536 3478 prie
584 3405 684 3455 est
726 3415 863 3455 cum
906 3394 1045 3475 ipsa
1085 3392 1292 3477 stirpe,
1337 3391 1471 3455 vim
1515 3395 1695 3455 totius
1740 3393 2067 3480 acciperet
2094 3393 2283 3455 Eum.
2316 3394 2470 3457 401:
2518 3394 2678 3480 γῆν,

399 3489 486 3578 ἣν
538 3491 831 3576 ἔνειμαν
881 3484 1404 3580 αὐτόπρεμνον
1456 3486 1525 3567 εἷς
1579 3486 1664 3558 τὸ
1718 3495 1871 3559 πᾶν
1914 3490 2098 3579 ε’μοί.
2129 3531 2228 3540 --
2261 3496 2320 3555 Α
2353 3492 2682 3579 πρέμνον

399 3593 767 3679 significatu
836 3592 1001 3656 nihil
1067 3592 1287 3657 differt
1348 3588 1684 3681 πυθμήν,
1752 3595 1927 3679 quod
1995 3618 2194 3680 quum
2264 3594 2536 3658 omnino
2594 3594 2682 3657 sit

397 3696 530 3757 ima
583 3718 730 3780 pars
776 3694 1051 3778 alicujus
1096 3694 1212 3770 rei,
1258 3693 1583 3758 etiamde
1631 3696 1831 3782 stirpe
1878 3696 2015 3760 sive
2060 3696 2194 3758 imo
2242 3709 2475 3758 trunco
2524 3694 2683 3759 dici-

398 3811 521 3859 tur.
589 3796 697 3858 Ab
725 3794 847 3857 hac
878 3794 1361 3880 significatione
1391 3796 1730 3860 nonnullis
1753 3797 1916 3861 locis
1940 3795 2277 3860 translatio
2297 3794 2390 3857 fit.
2451 3795 2681 3882 Suppl.

402 3898 540 3973 103,
612 3896 692 3960 de
762 3918 891 3982 quo
959 3896 1123 3958 loco-
1178 3917 1373 3980 supra
1437 3898 1526 3982 (p.
1586 3899 1694 3982 52)
1741 3897 2235 3984 disputavimus,
2282 3918 2430 3958 cum
2476 3896 2680 3982 stirpe

400 4010 813 4083 comparatur
877 3995 1233 4060 insolentia
1300 3998 1812 4083 Aegyptiadum‚
1880 4020 1964 4060 ex
2021 4020 2148 4081 qua
2189 3995 2361 4059 mala
2404 3997 2686 4060 consilia

399 4113 728 4183 tamquam
781 4097 1079 4183 germina
1121 4110 1495 4161 nascuntur.
1540 4137 1625 4146 —
1669 4096 2058 4184 Metaphora
2100 4098 2296 4162 etiam
2342 4098 2410 4160 in
2457 4111 2682 4161 nostra

399 4199 625 4284 lingua
668 4197 1007 4262 tritissima
1048 4191 1362 4284 πυθμήν
1405 4212 1506 4263 est
1533 4200 1815 4286 familia,
1862 4198 2105 4284 quippe
2154 4222 2238 4262 ex
2284 4221 2411 4282 qua
2449 4220 2681 4282 proge-
