3134 4842
2572 159 2650 223 99

444 325 636 387 ‹Jovis
682 323 917 387 sedens
960 323 1068 387 vel
1096 323 1348 387 fulmen
1380 346 1616 410 gerens
1648 323 2036 410 fingebatur.
2106 324 2222 388 Gfr
2251 323 2729 410 pulcherrimos

442 447 668 505 vorsus
717 424 904 488 Pind.
952 423 1142 509 Pyth.
1194 427 1247 503 1,
1296 426 1332 488 6
1380 438 1447 488 et
1493 423 1693 510 Soph.
1738 425 1844 487 Fr.
1894 427 2042 489 766:
2092 421 2133 491 ὁ
2169 421 2731 512 σκηπτοβιῆιιων

445 519 709 609 αἰετὸς,
762 519 966 591 κύων
1017 519 1220 602 Διός.
1311 525 1513 612 Apud
1556 520 1965 611 Aeschylum
2010 525 2171 590 haec
2218 540 2371 590 sunt
2403 527 2724 613 exempla.

448 627 658 691 Prom.
722 628 915 691 1022:
975 620 1157 702 Διὸς
1207 622 1290 692 δέ
1338 648 1452 693 τοι
1505 620 1780 712 πτηνὸς
1827 618 2033 692 κύων
2076 621 2440 722 δαφοινὸς
2482 621 2723 707 αἐτός.

442 731 578 814 Ag.·
620 730 767 792 136:
814 733 1152 794 πτανοϊσι
1202 723 1366 794 κυσὶ
1407 721 1709 814 πατρός.
1765 733 2104 799 πτανοῖσι
2145 729 2515 814 Aeschylus
2548 730 2726 793 addi-

442 829 538 892 dit
584 852 669 892 ex
713 852 892 893 more
939 853 1078 907 suo,
1124 853 1323 915 quum
1355 826 1805 913 metaphoram
1837 829 2057 915 paullo
2090 829 2506 894 audaciorem
2540 831 2724 916 quasi

440 930 740 1016 mitigare
808 930 967 994 vult.
1073 931 1380 993 Fortasse
1448 928 1644 991 etiam
1700 928 1901 992 altera
1944 952 2190 1008 caussa,
2238 953 2434 1016 quare
2481 955 2723 995 nomen

442 1054 675 1099 canum
722 1032 801 1096 ad
833 1031 1080 1118 aquilas
1112 1029 1514 1106 adhibeatur,
1546 1021 1614 1092 in
1651 1052 1728 1092 eo
1760 1029 2044 1093 inveniri
2075 1045 2315 1117 potest,
2350 1033 2523 1115 quod
2554 1045 2723 1096 cete-

440 1155 540 1195 ras
587 1155 737 1195 aves
782 1132 875 1196 ita
919 1143 1257 1206 venantur,
1305 1142 1378 1193 ut
1423 1152 1617 1193 canes
1663 1130 1968 1194 animalia
2013 1132 2364 1196 terrestria.

605 1232 808 1296 Aliud
874 1253 1083 1316 genus
1140 1230 1500 1316 imaginum
1547 1231 1762 1294 solum
1810 1232 1887 1294 ad
1935 1255 2049 1295 eos
2098 1233 2281 1317 q‘uasi
2327 1256 2563 1310 moreS,
2611 1235 2722 1318 qui

439 1333 615 1396 canis
672 1331 923 1418 proprii
968 1332 1383 1417 putabantur,
1429 1332 1738 1417 pertinet.
1825 1332 1904 1395 In
1949 1332 2076 1398 hoc
2120 1355 2364 1418 genere
2408 1333 2477 1396 id
2523 1334 2722 1397 anim-

438 1433 823 1496 adversione
892 1431 1166 1518 dignum
1234 1446 1352 1510 est,
1421 1433 1598 1517 quod
1666 1433 1883 1520 imago
1952 1433 2149 1511 canis,
2217 1433 2585 1498 fidelissimi
2656 1449 2723 1499 et

433 1532 768 1599 utilissimi
839 1532 1096 1596 comitis
1163 1526 1529 1611 hominum,
1600 1557 1798 1619 quum
1863 1534 1943 1597 ad
1999 1558 2215 1599 mores
2276 1535 2718 1620 designandos

435 1633 799 1711 adhibetur,
867 1633 1252 1720 plerumque
1315 1634 1385 1697 in
1432 1634 1752 1698 invidiam
1799 1649 1865 1699 et
1910 1635 2375 1699 contumeliam
2422 1635 2717 1714 trahitur,

435 1734 636 1801 rarius
682 1735 959 1800 virtutes
1008 1735 1339 1820 quasdam,
1384 1749 1458 1799 ut
1503 1736 1943 1822 sagacitatem,
1991 1735 2397 1813 fidelitatem,
2443 1736 2719 1822 vig-ilan-

431 1836 608 1912 tiam,
655 1836 969 1913 declarat3
1017 1836 1193 1923 quod
1238 1851 1305 1900 et
1346 1836 1417 1900 in
1462 1837 1797 1902 veteribus
1846 1850 1912 1900 et
1947 1834 2430 1917 ⁸recentioribus
2475 1837 2719 1922 linguis

434 1937 739 2000 cernitur.
831 1936 937 2001 Sic
978 1938 1149 2022 apud
1183 1935 1467 2002 Graecos
1496 1937 1927 2024 impudentia,
1962 1937 2269 2016 adulatio,
2300 1936 2506 2001 libido
2540 1938 2719 2023 canis

430 2037 498 2101 in
530 2038 951 2124 proverbium
983 2038 1186 2102 venit.
1261 2038 1399 2101 Iam
1432 2039 1607 2125 apud
1638 2039 2004 2102 Homerum
2035 2032 2237 2104 κύων
2268 2038 2401 2101 vim
2436 2039 2720 2102 convicii

428 2138 644 2223 habet,
714 2163 843 2225 quo
909 2140 1321 2226 impudentia
1390 2153 1456 2203 et
1521 2139 1725 2203 nimia
1791 2140 2059 2203 audacia
2115 2137 2547 2225 significatur3
2593 2139 2719 2204 hoc

428 2241 698 2304 nomine
745 2263 889 2304 sese
937 2241 1225 2327 appellat
1269 2241 1529 2304 Helena
1572 2240 1648 2304 11.
1697 2242 1753 2318 6,
1802 2243 1945 2318 344,
1992 2242 2135 2319 356,
2181 2240 2303 2304 Iris
2350 2240 2714 2304 Minervam

428 2340 504 2403 Il.
553 2342 611 2417 8,
657 2343 799 2419 423,
845 2340 1013 2404 Iuno
1060 2341 1340 2406 Dianam
1385 2341 1461 2405 Il.
1512 2343 1610 2420 21,
1656 2344 1799 2418 481,
1837 2342 2072 2428 quibus
2106 2341 2230 2405 alia
2261 2341 2466 2404 multa
2498 2364 2718 2405 exem-

427 2442 537 2527 pla
581 2441 730 2505 addi
761 2455 1057 2527 possunt.
1124 2442 1544 2529 Impudentia
1577 2442 2157 2527 Clytaemnestrae‚
2191 2465 2356 2527 quae
2389 2440 2714 2521 maritum,

429 2542 585 2609 dum
653 2554 933 2607 mortem
1002 2543 1063 2606 ei
1128 2554 1329 2629 parat,
1396 2543 1655 2609 blandis
1724 2531 2079 2628 alloquitur
2143 2542 2383 2621 verbiS,
2447 2543 2714 2606 nomine

425 2636 644 2718 κυνός
711 2643 1074 2708 declaratur
1138 2647 1267 2731 Ag.
1337 2644 1530 2708 1228:
1601 2644 2073 2730 (Agamemno)
2144 2635 2280 2709 οὐκ
2343 2628 2540 2709 οἶδεν
2594 2633 2717 2709 οἷα

426 2742 739 2833 γλῶσσα
795 2745 1105 2832 μισητῆς
1158 2738 1376 2821 κυνὸς
1425 2743 1720 2823 λέξασα.
1827 2745 2083 2808 Eodem
2154 2768 2352 2835 sensu
2419 2743 2712 2831 Choeph.

428 2848 547 2910 621
612 2845 847 2930 Scylla,
908 2868 1072 2930 quae
1117 2858 1369 2932 patrem
1416 2869 1605 2909 suum
1654 2845 1917 2924 occidit,
1961 2839 2370 2941 κυνόφρων
2422 2858 2711 2924 vocatur,

426 2960 494 3011 ct
551 2947 777 3033 Suppl.
827 2948 946 3010 759
991 2946 1322 3011 Danaides
1368 2946 1540 3011 filios
1587 2947 1901 3035 Aegypti,
1950 2946 2062 3034 qui
2107 2970 2190 3010 ne
2238 2948 2398 3011 deos
2445 2946 2710 3031 quidem

424 3061 728 3113 verentes
766 3071 874 3112 eas
908 3048 986 3113 ab
1018 3047 1178 3134 ipsis
1212 3047 1338 3112 aris
1371 3047 1668 3134 abripere
1700 3062 1949 3134 parant,
1973 3044 2465 3136 κυνοθρασεῖς
2493 3048 2712 3133 appel-

423 3150 580 3213 lant.
668 3149 777 3213 Ad
841 3147 1005 3214 haec
1061 3148 1328 3214 Danaus
1378 3149 1656 3214 eandem
1702 3148 2262 3236 comparationem
2307 3171 2709 3236 persequens

423 3250 811 3336 respondet:
880 3242 1243 3317 ἄλλ’ἔστι
1320 3242 1535 3345 φήμη
1602 3244 1778 3326 τοὺς
1838 3243 2112 3324 λύκους
2159 3251 2538 3341 κρείσσους
2586 3271 2713 3315 κυ-

424 3351 581 3417 νῶν
634 3337 838 3416 εἶναι.
931 3351 1272 3417 Sententia
1323 3351 1518 3437 hujus
1563 3351 1940 3429 locutionis,
1989 3374 2180 3436 quam
2225 3349 2709 3438 proverbialem

424 3453 628 3517 fuisse
685 3464 974 3539 apparet,
1032 3452 1196 3517 haec
1241 3466 1368 3517 est:
1428 3452 1664 3541 Argivi
1708 3451 1861 3516 filiis
1907 3452 2204 3540 Aegypti
2247 3466 2430 3517 tanto
2483 3451 2710 3516 fortio·

424 3576 526 3617 res
573 3566 743 3632 sunt,
791 3565 1035 3639 quanto
1080 3553 1221 3639 lupi
1267 3554 1537 3619 canibus
1583 3553 1960 3619 validiores.
2049 3552 2297 3618 SchoL:
2344 3554 2711 3619 τοσοῦτον

429 3646 681 3720 αὐτῶν
726 3651 1205 3754 διαφέρουσιν
1249 3648 1432 3721 ὅσον
1473 3649 1689 3722 λύκοι
1718 3655 1986 3720 κυνῶν.
2017 3694 2103 3705 -
2130 3648 2716 3746 κυντερσότατος,

426 3756 506 3819 de
549 3750 917 3843 κύντερος,
971 3756 1293 3820 vocabulo
1339 3756 1719 3835 HomericO,
1762 3757 1939 3841 quod
1969 3758 2479 3842 impudentiorem
2509 3755 2708 3841 signi-

425 3855 594 3935 ficat,
662 3857 1083 3935 declinatum,
1150 3856 1229 3920 ab
1297 3857 1633 3943 Aeschylo
1695 3870 2079 3944 usurpatum
2137 3881 2280 3922 esse
2334 3869 2563 3921 auctor
2608 3870 2709 3920 est

426 3956 730 4034 Photius;
797 3958 947 4022 vide
1014 3958 1121 4022 Fr.
1179 3959 1322 4022 396.
1365 3996 1450 4005 —
1495 3959 1709 4037 Quum
1754 3959 2115 4045 procacitas
2161 3957 2426 4045 propria
2471 3981 2704 4022 canum

421 4056 792 4137 haberetur,
861 4059 1057 4124 etiam
1121 4083 1256 4124 vox
1325 4083 1580 4138 canum,
1638 4052 1963 4149 ῧλαγμα,
2010 4061 2088 4124 de
2134 4058 2514 4125 hominibus
2559 4082 2707 4146 pro·

422 4159 561 4225 caci
605 4182 911 4224 sermone
956 4161 1292 4227 utentibus
1339 4160 1696 4227 dicebatur.
1772 4163 1899 4249 Ag.
1944 4163 2136 4226 1631:
2170 4154 2258 4227 σὺ
2292 4152 2708 4255 δ’ἒξορίνας
