3134 4842
495 194 575 255 52

410 351 908 451 ἀλφεσίβοιον
997 355 1226 447 ὕδωρ,
1311 358 1531 425 ἔνθεν
1615 352 2023 444 ἀεξόμενον
2097 354 2451 453 ζώφυτον
2516 349 2701 444 αιῖιια

409 458 750 550 βροτοῖσι
812 454 1107 527 θάλλει.
1199 465 1394 546 Aqua
1458 460 1597 524 Nili
1654 461 1879 538 efficit,
1927 476 2000 525 ut
2045 462 2308 547 sanguis
2355 461 2696 524 hominum

410 564 624 647 viyeat.
710 562 928 624 Etiam
974 556 1352 655 ζώφυτον,
1398 566 1587 626 vitam
1629 562 1815 639 alens,
1862 562 2357 626 translationem
2392 586 2428 625 a
2458 563 2697 647 plantis

412 663 726 726 continet.
770 701 857 709 —-
906 655 1222 729 θάλλειν
1265 663 1575 727 translate
1624 676 1973 749 usurpatur
2019 663 2216 726 etiam
2265 663 2494 749 Suppl.
2543 665 2697 726 103:

410 757 693 829 ἰδέσθω
771 755 956 840 δἐἰς
998 758 1235 851 .ὓ’[)’ριν
1295 758 1674 855 βρότειον,
1731 762 1855 829 οἵα
1909 757 2163 846 νεάζει,
2219 758 2534 849 πυθμὴν
2585 757 2698 828 δι’

411 857 613 949 ἀμὸν
686 862 936 951 γάμον
1009 859 1355 941 τεθαλως
1422 859 2116 952 δυσπαραβούλοισι
2192 864 2435 959 φρεσί.
2545 865 2698 927 Non

410 978 587 1029 recte
635 966 1030 1029 sententiam
1077 965 1270 1051 hujus
1317 967 1447 1029 loci
1490 966 1829 1030 intellexit
1873 965 2097 1041 schol„
2142 967 2254 1051 qui
2283 966 2363 1028 ad
2390 960 2702 1051 πυθμήν

413 1066 785 1152 adscripsit:
834 1062 876 1154 ἡ
932 1064 1097 1158 ῥίζα
1149 1068 1300 1133 τῶν
1341 1060 1799 1153 πεντήκοντα
1827 1062 2139 1148 παίδων,
2172 1061 2223 1131 ὅ
2249 1061 2442 1132 ἐστιν
2473 1060 2702 1141 αὐτὸς

413 1162 455 1230 ὁ
511 1167 919 1252 Αἴγυπτος,
974 1169 1148 1231 unde
1196 1186 1464 1255 apparet
1508 1191 1659 1231 eum
1706 1169 1796 1232 ita
1840 1168 2143 1244 sensisse,
2199 1162 2513 1253 πυθμήν
2557 1192 2698 1231 esse.

413 1271 796 1353 Aegyptum
843 1269 935 1333 sic
980 1284 1306 1346 vocatum,
1350 1270 1502 1353 quia
1532 1293 1618 1331 ex
1650 1293 1752 1345 eo,
1781 1283 2110 1353 tamquam
2145 1291 2230 1330 ex
2261 1268 2483 1354 stirpe,
2518 1270 2702 1353 quin-

415 1369 728 1455 quaginta
768 1369 890 1432 filii
936 1371 1071 1433 nati
1118 1384 1357 1433 essent.
1450 1370 1580 1432 Sed
1625 1385 1698 1433 ut
1741 1369 1848 1432 hie
1894 1393 2027 1432 non
2076 1369 2156 1432 de
2205 1372 2537 1455 AegyptO,
2585 1369 2699 1432 scd

414 1469 494 1532 de
552 1468 703 1532 filiis
751 1472 891 1555 ejus
939 1485 1006 1534 et
1050 1471 1129 1533 de
1178 1471 1482 1556 superbia
1526 1494 1752 1533 eorum
1800 1471 2144 1556 cogitetur,
2189 1469 2332 1555 ipsa
2377 1470 2701 1536 sententia

413 1572 784 1634 necessario
845 1572 1151 1656 postulat.
1241 1571 1497 1634 Horum
1543 1571 2096 1656 igitursuperbia
2142 1594 2290 1634 cum
2338 1571 2561 1633 arbore
2608 1571 2701 1632 vi-

413 1683 598 1734 rente
668 1685 1100 1757 comparatur,
1170 1695 1354 1757 quae,
1424 1685 1497 1734 ut
1561 1695 1716 1734 vera
1783 1672 1976 1735 arbor
2030 1671 2298 1734 frondes
2358 1685 2424 1734 et·
2468 1694 2699 1753 ramOS,

414 1772 582 1835 mala
647 1773 923 1836 consilia
986 1773 1219 1859 gignit.
1303 1765 1619 1856 πυθμιῗν
1683 1773 1823 1835 sine
1890 1771 2210 1857 particula
2262 1772 2704 1857 comparativa

414 1873 789 1958 appositum
845 1888 965 1937 est.
1067 1873 1475 1937 Vertendum
1532 1887 1634 1936 est
1676 1874 1904 1958 igitur:
1953 1873 2242 1935 animum
2290 1872 2555 1936 adverte
2603 1896 2704 1935 su-

413 1973 709 2059 perbiam
755 1973 1118 2050 hominum,
1166 1975 1374 2060 qualis
1420 1963 1722 2060 pullulet,
1768 1988 2100 2057 tamquam
2149 1974 2357 2049 arbor,
2407 1997 2571 2058 quae
2620 1974 2701 2035 ob

415 2097 590 2136 meas
658 2075 919 2159 nuptias
993 2075 1178 2138 malis
1252 2074 1543 2139 consiliis
1601 2075 1788 2137 viret.
1881 2074 1977 2135 De
2034 2074 2373 2137 vocabulis
2419 2074 2702 2159 propriis

415 2188 483 2237 et
546 2175 874 2238 translatis
943 2175 1167 2238 mixtis
1233 2175 1382 2238 vide
1440 2199 1501 2260 p.
1549 2177 1650 2238 34.
1694 2213 1779 2222 -——
1823 2173 2116 2238 Difficile
2164 2189 2264 2238 est
2306 2174 2700 2239 vocabulum

414 2268 889 2368 ἀμφιθαλής,
959 2277 1133 2361 quod
1190 2276 1395 2339 semel
1453 2276 1627 2361 apud
1673 2275 2032 2338 Homerum
2082 2275 2426 2360 reperitur,
2471 2275 2547 2337 Il.
2607 2278 2703 2351 22,

413 2377 566 2439 496:
646 2372 778 2440 τὸν
851 2370 928 2442 δὲ
1000 2372 1122 2441 καὶ
1195 2369 1647 2470 ἀμφιθαλὴς
1719 2371 1795 2442 ἐκ
1862 2369 2163 2451 δαιτύος
2215 2371 2704 2469 ἐστυφέλιξεν,

415 2477 530 2540 ubi
589 2478 745 2540 olim
813 2478 1191 2542 vertebatur
1248 2483 1559 2563 patrimus
1626 2489 1679 2541 et
1743 2481 2068 2540 matrimus
2133 2477 2378 2560 (Schol.
2448 2478 2527 2540 ad
2589 2479 2703 2539 Ar.

415 2580 542 2640 Av.
614 2580 803 2641 1733:
889 2571 1356 2672 ἀιιφοτέροις
1429 2579 1725 2666 γονεῦσι
1807 2571 2127 2644 θάλλων
2199 2573 2318 2642 καὶ
2389 2573 2710 2664 μηδενὸς

418 2670 1036 2771 ω’ρφανιοζιιένος),
1105 2704 1279 2744 nunc
1347 2704 1381 2743 a
1448 2680 1779 2765 plerisque
1846 2680 2121 2763 undique
2173 2679 2460 2765 affluens,
2519 2681 2706 2742 dives.

415 2779 526 2843 Bis
574 2781 652 2843 ab
699 2781 1038 2866 Aeschylo
1083 2794 1451 2867 usurpatur.
1542 2783 1670 2866 Ag.
1719 2780 1881 2841 1145
1938 2780 2138 2842 vitam
2184 2780 2501 2843 lusciniae
2550 2779 2706 2843 dicit

414 2874 833 2974 ἀμφιθαλῆ
883 2887 1154 2962 κακοῖς,
1211 2882 1388 2966 quod
1449 2880 1617 2943 nihil
1671 2880 2040 2966 significare
2089 2894 2308 2965 potest
2351 2881 2479 2943 nisi
2525 2881 2709 2943 malo·

415 3005 558 3044 rum
593 2982 863 3067 plenam,
909 2997 982 3045 ut
1026 2983 1184 3046 item
1231 2995 1424 3066 atque
1455 2983 1523 3043 in
1566 2974 1833 3046 ἀνθεῖν
1878 2994 1944 3045 et
1974 2976 2392 3056 ἐπανθιζειν
2420 2981 2707 3066 imagine

416 3081 700 3146 florendi
765 3086 959 3168 copia,
1012 3084 1391 3146 abundantia
1457 3082 1878 3167 exprimatur.
1991 3080 2346 3145 Difficilior
2404 3095 2504 3144 est
2550 3081 2711 3144 alter

416 3184 621 3259 locus,
691 3183 984 3270 Choeph.
1053 3185 1207 3248 394:
1276 3179 1396 3248 καὶ
1471 3175 1766 3248 πότ’ἀν
1837 3174 2290 3275 ἀμφιθαλὴς
2358 3176 2538 3258 Ζεὺς
2600 3176 2710 3247 ἐπὶ

410 3289 626 3372 χεῖρα
697 3277 965 3365 (Mla,-
1054 3284 1268 3348 Schol.
1337 3285 1656 3369 explicat:
1727 3277 1770 3348 ὁ
1834 3276 2171 3368 ποιήσων
2222 3281 2465 3376 ἄμφω
2522 3277 2712 3370 ἡμᾶς

421 3377 923 3473 ἀναθηλῆσαι.
1035 3385 1182 3449 Hoc
1249 3386 1481 3470 probat
1546 3384 1917 3459 Blomfield,
1988 3384 2098 3470 qui
2152 3385 2379 3448 vertit:
2427 3395 2713 3469 utrosque

403 3486 636 3572 florere
681 3486 934 3567 facien-3.
1026 3486 1327 3570 Plerique
1376 3487 1437 3548 ei
1483 3486 1766 3549 similem
1813 3484 2365 3572 significationem
2411 3498 2603 3569 atque
2642 3485 2710 3547 in

419 3587 568 3651 loco
613 3586 730 3650 illo
777 3587 1134 3651 Homerico
1166 3587 1493 3651 tribuunt:
1540 3589 1608 3651 in
1638 3586 1947 3671 opulentia
1974 3589 2197 3663 vivem,
2223 3597 2611 3672 praepotem,
2641 3601 2715 3647 ut

421 3687 767 3774 epitheton
814 3711 1072 3766 ornanS,
1119 3688 1295 3773 quod
1338 3701 1599 3764 vocant,
1646 3687 1754 3750 dei
1800 3686 2090 3772 supremi
2134 3686 2237 3751 sit.
2314 3686 2495 3749 Weil
2533 3686 2602 3750 id
2634 3685 2713 3748 ad

423 3789 775 3874 duplicem,
823 3813 1016 3875 quam
1063 3788 1299 3853 chorus
1342 3788 1832 3874 praesagiverit,
1878 3787 2147 3850 caedem
2192 3786 2397 3849 refert
2437 3810 2713 3849 monens

421 3890 655 3953 talium
723 3891 1237 3977 compositorum
1297 3903 1550 3975 partem
1597 3889 1952 3953 secundam
1999 3910 2131 3950 non
2178 3909 2321 3951 esse
2368 3887 2448 3950 ad
2491 3888 2712 3950 vivum

424 3992 867 4055 resecandam.
989 3991 1168 4069 Quae
1238 3990 1594 4076 explicatio
1664 3987 2095 4074 praeferenda
2164 3989 2269 4065 sit,
2336 4012 2455 4074 pro
2538 4002 2715 4052 certo

425 4090 751 4156 affirmare
816 4116 951 4155 non
1019 4091 1265 4165 aude03
1331 4092 1512 4155 nulla
1579 4089 1741 4153 mihi
1807 4087 2158 4153 admodum
2226 4090 2461 4176 placet.
2559 4089 2718 4151 For-

424 4208 597 4256 tasse
689 4193 1010 4279 scriptura
1098 4206 1404 4279 corrupta
1489 4207 1620 4267 est3
1722 4188 2029 4253 Meineke
2121 4190 2388 4275 (Philol.
2468 4190 2566 4266 19,
2652 4210 2714 4273 p.
