3134 4842
2572 184 2658 246 47

553 343 730 418 οὐδὲ
788 349 996 426 Θέτις
1041 344 1317 439 μήτηρ·
1373 344 1657 439 γλαυκὴ
1711 342 1798 414 δέ
1843 367 1923 414 σε
1977 348 2166 413 τίκτε
2223 343 2576 415 θάλασσα

492 507 498 512 .
552 451 812 539 πέτραι
867 444 947 517 τ’
975 443 1344 538 ἠλίβατοι,
1401 445 1518 517 ὅτι
1575 471 1692 516 τοι
1745 442 1920 526 νόος
1970 444 2162 516 ἐστὶν
2213 441 2519 537 α’πηνής.

451 603 567 668 Cfr
613 603 809 667 etiam
858 603 1046 668 Pind.
1091 602 1199 666 Fr.
1247 604 1357 668 89:
1405 598 1490 678 ὃς
1526 596 1634 689 μὴ
1677 594 1911 689 πόθῳ
1954 601 2406 687 κυμαίνεται,
2450 597 2527 682 ἐξ
2560 594 2752 669 οἶδά-

444 725 731 788 ,ιιαντος
802 697 846 791 ἢ
922 697 1236 791 σιδάρου
1306 695 1800 790 κεχάλκευται
1841 700 2203 787 μέλαιναν
2273 699 2604 790 καρδίαν.
2658 741 2748 753 ——

454 805 582 869 Hic
636 806 820 869 locus
881 820 981 868 est
1026 804 1589 868 commemorandi
1634 826 1862 867 omnes
1909 802 2048 866 fere
2093 827 2311 881 voces,
2360 827 2523 889 quae
2572 805 2746 868 duri-

452 908 608 970 tiam
679 920 746 969 et
811 906 1297 969 mollitudinem
1360 906 1562 968 animi
1619 904 1728 968 vel
1771 903 1872 967 his
1921 919 2229 991 cognatas
2277 906 2584 969 notiones
2633 928 2748 968 ex·

451 1008 756 1094 primant,
816 1007 1028 1092 primo
1085 1006 1173 1084 id,
1221 1009 1395 1092 quod
1441 1019 1622 1093 tactu
1666 1006 1902 1069 durum
1951 1019 2016 1068 ct
2060 1005 2258 1075 molle
2307 1019 2500 1083 esset,
2546 1006 2750 1093 signi·

452 1107 684 1172 ficasse
754 1122 820 1172 et
883 1131 921 1169 a
985 1107 1180 1171 rebus
1239 1107 1540 1171 sensibus
1590 1106 1903 1190 subjectis
1949 1106 2016 1168 in
2064 1120 2351 1170 mentem
2398 1106 2752 1171 translatas

455 1232 633 1285 esse3
678 1209 789 1272 'ita
855 1201 1149 1297 τραχύς,
1209 1200 1574 1294 μαλακός,
1622 1200 2032 1293 μαλθακός
2085 1207 2228 1270 alia.
2319 1207 2537 1285 Quum
2581 1207 2746 1272 haec

457 1310 794 1373 translatio
860 1323 993 1373 tam
1061 1309 1300 1373 usitata
1355 1309 1457 1386 sit,
1516 1321 1591 1372 ut
1634 1331 1844 1395 paene
1890 1308 2193 1393 propriae
2242 1307 2746 1394 significationis

454 1411 672 1475 locum
732 1409 1097 1474 obtinuisse
1143 1410 1462 1487 videatur,
1506 1409 1577 1472 in
1624 1409 1947 1495 exemplis
1993 1407 2345 1473 afferendis
2392 1433 2523 1472 non
2572 1432 2748 1473 com-

454 1512 775 1575 morabor.
819 1549 904 1558 —
949 1510 1077 1573 Res
1124 1533 1524 1596 magnopere
1573 1510 1984 1596 expetendae
2032 1533 2181 1572 cum
2227 1533 2400 1586 auro,
2449 1510 2744 1573 omnium

414 1663 419 1669 .
456 1612 871 1675 metallorum
893 1611 1393 1697 pretiosissimo,
1419 1624 1899 1696 comparantur.
1944 1609 2240 1696 Choeph.
2281 1612 2403 1674 372
2438 1610 2743 1674 Electrae

455 1711 819 1798 exoptanti,
887 1725 961 1775 ut
1026 1711 1547 1797 Clytaemnestra
1593 1726 1660 1775 et
1704 1709 2066 1797 Aegisthus
2107 1724 2256 1774 ante
2302 1713 2754 1798 Agamemno-

456 1836 609 1877 nem
655 1812 898 1876 mortui
946 1826 1186 1897 essent²
1219 1811 1455 1876 chorus
1489 1812 1876 1899 respondet:
1927 1812 2160 1876 ταῦτα
2181 1807 2324 1897 μὲν
2351 1810 2747 1901 κρείσσονα

444 1914 797 2003 χρυσοῦ,
841 1906 1172 2000 μεγάλης
1255 1907 1333 1978 δὲ
1406 1905 1629 1998 τύχας
1699 1907 1820 1978 καὶ
1897 1906 2360 2001 ὑπερβορέου
2442 1910 2752 1991 μείζονα

457 2021 752 2109 φωνεῖς.
810 2053 894 2062 -
947 2013 1098 2101 Igni
1157 2013 1470 2101 splendor
1514 2013 1655 2077 auri
1697 2013 2008 2077 tribuitur
2050 2015 2181 2100 Ag.
2228 2015 2381 2078 287:
2429 2006 2516 2079 τὸ
2558 2033 2754 2105 χρυ-

458 2110 847 2211 σοφεγγές,
916 2107 1033 2181 ὥσ
1092 2136 1199 2191 τις
1250 2107 1478 2201 ἥλιος,
1535 2111 1750 2190 σέλας
1810 2133 2404 2204 παρηγγαρευσε.
2471 2152 2555 2162 -
2622 2113 2746 2178 Aes

459 2218 537 2282 ab
581 2217 875 2281 Homero
906 2238 1244 2290 coruscum,
1260 2216 1519 2303 fulyens
1549 2212 1877 2300 (αἴθοπα
1897 2208 2206 2301 χαλκόν,
2238 2207 2432 2304 αυγὴ
2453 2212 2756 2301 χαλκου

459 2319 611 2401 alia)
655 2318 877 2381 vocari
920 2331 1151 2380 notum
1200 2330 1328 2393 est;
1386 2316 1560 2402 quod
1611 2316 1945 2381 obversari
1987 2316 2269 2395 videtur,
2318 2340 2517 2402 quum
2562 2315 2752 2380 lacus

461 2431 536 2482 ut
587 2440 695 2481 aes
741 2417 995 2505 fulgere
1043 2411 2369 2509 (11011111.Ὲ1.192;χαλκοκε’ραυνόν
2422 2437 2499 2482 τε
2549 2410 2741 2508 παρ’

456 2508 792 2604 ’.Ωκεανῳ
840 2516 1102 2606 λιζιινην
1151 2510 1693 2612 παντότροφον
1743 2510 2178 2584 Αἰθιόπων.
2280 2517 2409 2581 Sed
2456 2518 2614 2603 quid
2660 2518 2758 2582 siv

461 2618 942 2705 -κέραυνον,
989 2622 1339 2685 obscurum
1387 2632 1504 2683 est.
1574 2619 1801 2682 Herm.
1834 2619 2062 2683 scribit
2077 2611 2743 2708 χαλκομάραυγον.

463 2719 601 2782 Α111
666 2742 837 2784 aereo
894 2722 1170 2808 fulmine
1214 2723 1467 2806 petitum
1525 2734 1813 2783 ve1·.tunt
1858 2758 1941 2767 —-
1993 2719 2122 2783 Hic
2169 2720 2455 2805 adjungo
2500 2720 2752 2796 locum,

462 2820 575 2884 ubi
640 2820 854 2908 imago
921 2823 1000 2886 ab
1069 2834 1204 2885 arte
1261 2821 1426 2887 aeris
1471 2812 1777 2907 tingendi
1821 2820 2101 2884 ducitur.
2188 2823 2316 2908 Ag.
2364 2822 2516 2884 611:
2565 2811 2741 2885 οὐδ’

460 2908 627 2988 οἰδα
689 2914 949 3010 τέρψιν
1002 2914 1181 2989 οὐδ’
1236 2916 1607 3011 ἐπιψογον
1660 2918 1889 3014 φάτιν
1942 2917 2183 2988 ἄλλου
2235 2914 2423 3006 πρὸς
2473 2912 2747 3007 ανδρὸς
2837 2964 2844 2973 ›

450 3020 751 3105 μᾶλλον
796 3017 837 3109 ἢ
871 3021 1166 3109 χαλκοῦ
1206 3016 1484 3121 βαφάς.
1575 3022 2099 3108 Clytaemnestra
2144 3046 2213 3086 se
2247 3023 2408 3086 dicit
2437 3021 2754 3085 adulteri-

457 3148 567 3187 um
612 3147 748 3187 non
794 3125 1002 3210 magis
1049 3147 1244 3188 nosse
1293 3147 1485 3208 quam
1531 3123 1884 3189 tincturam
1931 3124 2118 3201 aeris,
2161 3146 2325 3209 quae
2359 3145 2459 3186 ars
2493 3137 2748 3186 secreta

459 3237 525 3287 et
589 3224 815 3310 paucis
881 3240 1037 3289 nota
1102 3224 1309 3288 fuisse
1375 3223 1658 3288 videtur.
1747 3224 1914 3288 Mire
1981 3224 2210 3288 Herm.
2278 3224 2343 3286 id
2403 3223 2482 3287 de
2542 3223 2750 3287 caede

457 3324 705 3389 dictum
767 3348 909 3389 esse
964 3325 1192 3402 credit,
1240 3325 1390 3411 quia
1436 3325 1693 3411 gladius
1739 3325 2166 3411 immergatur
2209 3317 2629 3410 (βάπτεται)
2673 3324 2742 3387 111

457 3449 723 3512 corpus;
781 3427 958 3512 quod
1012 3426 1283 3504 nemini,
1342 3427 1560 3503 cred0‚
1607 3426 1929 3512 probavit.
1985 3464 2067 3473 —
2121 3428 2250 3512 Ag.
2296 3426 2421 3489 390
2463 3419 2748 3511 χαλκός

457 3540 556 3589 est
598 3550 824 3590 memus
876 3550 951 3592 ex
994 3550 1132 3592 aere
1159 3529 1412 3611 factus,·
1465 3549 1663 3612 quare
1709 3525 1886 3591 hunc
1930 3526 2150 3590 locum
2194 3527 2369 3590 inter
2413 3538 2659 3590 ceteras
2708 3549 2748 3589 a

457 3649 656 3690 numo
705 3627 933 3692 ductas
978 3628 1297 3714 imagines
1346 3626 1632 3691 afferam.

1412 3925 1812 3934 -—————-
