3134 4842
2557 214 2633 275 91

433 406 547 445 ore
615 394 940 466 sequatur.
1047 379 1305 442 Eodem
1369 378 1567 442 modo
1630 379 1991 443 Cassandra
2032 402 2166 443 non
2223 379 2401 465 prius
2449 378 2719 465 parebit,

434 505 628 567 quam
696 481 1110 545 contumacia
1173 481 1313 564 ejus
1379 479 1447 541 vi
1503 481 1792 544 coercita
1848 481 1989 544 erit.
2080 476 2498 570 αἱματηρόν
2541 502 2720 565 prae·

436 582 783 647 dicativam
847 581 1002 658 vim,
1068 604 1259 665 quam
1325 592 1585 657 vocant,
1641 580 1878 644 habere
1934 594 2001 644 et
2045 581 2124 644 ad
2171 580 2719 666 significationem

433 683 890 747 vehementiae
938 682 1306 768 augendam
1353 680 1650 744 additum
1698 704 1841 745 esse
1888 694 2085 767 patet.
2176 681 2483 746 Ceterum
2518 704 2716 765 quum

434 783 600 848 hanc
665 806 898 847 vocem
961 796 1371 869 spectatores„
1431 781 1752 858 audirent,
1814 782 1925 866 qui
1976 784 2105 845 iam
2152 795 2361 859 antea,
2410 805 2604 867 quem
2650 782 2717 845 in

436 885 635 948 finem
693 884 1032 970 tragoedia
1083 883 1406 957 tenderet,
1454 883 1793 967 cognitum
1839 882 2189 960 habebant,
2237 882 2379 946 fieri
2425 907 2557 946 non
2606 905 2719 968 po-

433 987 578 1063 tuit,
626 986 785 1070 quin
830 984 1082 1061 caedes,
1131 1006 1324 1068 quam
1366 982 1891 1067 Clytaemnestra
1918 997 2191 1069 pararet,
2226 985 2457 1048 animis
2493 1006 2718 1047 eorum

434 1086 909 1150 obversaretur.
997 1084 1347 1169 Ejusmodi
1392 1083 1853 1169 ambiguitates
1899 1085 2069 1169 apud
2100 1086 2382 1171 tragicos
2416 1085 2719 1169 frequen-

434 1201 533 1249 tes
602 1200 770 1249 sunt.
835 1225 919 1233 —
982 1186 1235 1249 Eodem
1295 1185 1494 1247 modo
1540 1184 1930 1248 transfertur
1977 1179 2308 1270 στόμιον,
2354 1185 2530 1273 quod
2576 1208 2720 1270 pro-

435 1288 574 1371 prie
621 1310 763 1350 eam
808 1286 983 1349 freni
1027 1301 1300 1372 partem,
1348 1307 1511 1369 quae
1557 1285 1625 1348 in
1676 1308 1787 1348 ore
1835 1286 1986 1370 equi
2032 1298 2150 1363 est,
2198 1285 2543 1372 significat,
2592 1290 2717 1372 Ag.

439 1390 586 1452 131:
631 1377 793 1453 οἷον
827 1382 936 1475 μή
978 1407 1082 1462 τις
1122 1384 1274 1473 ἄγα
1316 1380 1606 1451 θεόθεν
1643 1380 1979 1481 κνεφάσῃ
2009 1382 2382 1479 προτυπὲν
2412 1380 2723 1471 στόμιον

425 1486 623 1576 μέγα
691 1489 961 1577 Τροίας
1017 1483 1481 1575 στρατωθέν.
1578 1486 1867 1550 Frenum
1924 1511 2234 1573 magnum
2292 1488 2527 1572 Trojae
2576 1511 2717 1551 esse

434 1589 798 1653 exercitum
845 1587 1186 1663 Graecum,
1233 1587 1327 1651 sic
1368 1588 1788 1674 appellatum,
1822 1589 1973 1673 quia
2001 1589 2231 1652 urbem
2260 1589 2461 1664 illam,
2492 1602 2565 1653 ut
2596 1588 2722 1652 fre-

433 1714 594 1753 num
660 1712 922 1775 eqnum,
989 1697 1308 1764 coerceat,
1371 1711 1598 1751 omnes
1655 1689 2097 1765 consentiunt,
2145 1688 2272 1752 nisi
2319 1690 2493 1774 quod
2540 1688 2718 1752 Weil

434 1790 701 1854 Atridas
769 1792 987 1876 potius
1047 1790 1327 1875 spectari
1373 1789 1738 1852 arbitratur.
1826 1789 1977 1853 Non
2026 1812 2232 1874 aeque
2281 1790 2361 1853 de
2410 1789 2717 1875 epithetis

431 1890 808 1980 προτυπέν
853 1904 920 1955 et
965 1887 1409 1982 στρατωθέι]
1453 1891 1896 1954 consentiunt.
1963 1890 2137 1954 Illud
2183 1891 2260 1954 ab
2307 1891 2532 1954 Herm.
2580 1914 2719 1953 ver-

431 1992 592 2056 titur
657 1995 870 2078 »prius
924 2015 1290 2077 percussum
1356 1991 1398 2054 i.
1468 2013 1522 2053 e.
1594 2004 1742 2054 ante
1798 1991 1959 2053 belli
2003 1992 2218 2055 clades
2264 1991 2717 2055 immolatione

431 2092 816 2178 Iphigeniae
887 2092 1275 2168 afflictum»;
1333 2091 1443 2154 alii
1487 2091 1862 2182 προτυπέν
1903 2093 2076 2154 intra
2120 2092 2284 2155 fines
2332 2093 2473 2176 ejus
2522 2106 2719 2155 meta·

434 2192 698 2279 phorae,
760 2217 923 2279 quae
969 2195 1038 2257 in
1087 2188 1399 2276 στόμιον
1442 2204 1560 2269 est,
1608 2191 1938 2255 trahentes
1985 2193 2499 2278 interpretantur
2535 2197 2721 2278 prius

425 2317 783 2379 procusum,
848 2308 922 2357 ut
986 2294 1315 2358 exercitus
1372 2291 1658 2356 Graecus
1727 2307 1918 2357 antea
1972 2294 2052 2357 ad
2098 2294 2359 2375 Trojam
2412 2293 2719 2357 exciden-

437 2393 584 2457 dam
641 2395 1001 2459 destinatus
1062 2394 1342 2469 dicatur;
1400 2416 1563 2478 quae
1612 2393 1966 2478 explicatio
2013 2394 2258 2457 idcirco
2306 2395 2494 2458 alteri
2536 2418 2719 2479 prae·

435 2494 705 2559 ferenda
750 2510 869 2573 est,
917 2495 1092 2580 quod
1137 2495 1231 2558 sic
1275 2495 1345 2557 in
1390 2493 1619 2557 eadem
1667 2493 2046 2580 metaphora
2091 2507 2311 2557 manet
2355 2495 2561 2558 oratio
2609 2519 2718 2558 ne-

434 2618 559 2679 que
628 2596 792 2660 duae
863 2596 1328 2681 discrepantes,
1387 2594 1455 2657 id
1514 2594 1691 2678 quod
1746 2595 1823 2658 ab
1869 2593 2191 2679 Aeschyli
2235 2595 2715 2659 consuetudine

433 2696 759 2774 abhorret,
806 2697 1302 2782 permiscentur.
1392 2691 1837 2781 στρατωθέν
1879 2695 1989 2758 vel
2035 2699 2099 2759 in
2130 2695 2348 2759 bellum
2369 2698 2719 2781 profectum

432 2797 558 2873 vel,
606 2820 770 2881 quae
818 2797 1183 2861 Hermanni
1230 2795 1556 2860 sententia
1605 2807 1723 2872 est,
1770 2798 1836 2859 in
1879 2799 2095 2859 castris
2142 2818 2388 2859 versans
2435 2797 2719 2883 explica·

430 2911 556 2973 tur,
603 2911 972 2984 utrumque,
1021 2921 1220 2982 quum
1269 2897 1348 2959 de
1396 2896 1587 2960 freno
1635 2896 2070 2982 praedicetur,
2103 2897 2398 2961 omnium
2430 2897 2715 2960 maxime

430 2999 805 3062 absurdum.
894 2999 1039 3062 Nisi
1105 2999 1426 3083 scriptura
1494 3010 1802 3082 corrupta
1866 3010 1984 3075 est,
2053 2994 2498 3081 στρατωθέν
2551 2997 2719 3061 nihil

430 3098 802 3184 significare
849 3113 1072 3186 potest
1114 3099 1272 3162 nisi:
1319 3101 1483 3183 quod
1522 3101 1796 3181 formam
1840 3102 2136 3163 exercitus
2175 3100 2378 3171 habea·
2424 3122 2580 3184 ergo
2611 3098 2717 3162 hic

433 3198 693 3262 frenum
740 3200 997 3277 dicitur,
1045 3200 1221 3284 quod
1268 3213 1488 3263 tamen
1533 3222 1666 3263 non
1713 3221 1940 3261 verum
1989 3199 2248 3263 frenum
2296 3199 2398 3276 sit,
2442 3200 2555 3262 sed
2587 3198 2717 3262 for-

433 3323 605 3362 mam
672 3303 998 3365 exercitus
1065 3300 1320 3364 habeat.
1431 3299 1624 3377 Quod
1679 3300 2077 3383 adjectivum
2136 3301 2246 3384 qui
2291 3299 2603 3385 frigidum
2652 3314 2718 3364 et

429 3424 661 3486 parum
729 3416 1077 3464 venustum
1136 3402 1457 3485 judicant,
1527 3424 1639 3464 eos
1707 3401 1994 3464 monitos
2052 3401 2249 3464 velim
2307 3399 2714 3486 Aeschylum

434 3501 630 3564 etiam
699 3502 840 3565 aliis
906 3502 1178 3565 minime
1246 3501 1461 3565 dubiis
1517 3500 1701 3578 lociS,
1748 3523 1949 3585 quum
1995 3501 2443 3586 metaphoram
2490 3501 2712 3587 paullo

434 3602 850 3667 audaciorem
897 3602 1211 3688 posuerit,
1258 3615 1332 3665 ut
1374 3615 1704 3686 tamquam
1751 3613 2017 3679 metuat,
2063 3625 2146 3665 ne
2203 3624 2337 3664 non
2391 3602 2716 3687 intelliga-

431 3716 558 3780 tur,
604 3703 666 3766 ei
709 3704 1100 3769 vocabulum
1153 3703 1455 3787 adjicere,
1504 3701 1680 3786 quod
1727 3702 1803 3764 ad
1851 3724 1989 3765 rem
2029 3703 2358 3788 propriam
2390 3703 2716 3788 pertineat

432 3805 526 3880 et,'
565 3826 693 3888 quo
750 3804 969 3892 imago
1016 3816 1291 3890 spectet,
1337 3803 1529 3888 plane
1578 3801 2001 3866 demonstret.
2093 3802 2257 3866 Cnfr
2301 3803 2514 3866 Prom.
2562 3804 2713 3867 880:

432 3903 740 3993 οἴστρου
811 3898 1131 3994 δ’ἄρδις
1195 3904 1388 3997 χρίει
1456 3895 1890 3995 μ’ἄπυρος.
1979 3906 2106 3989 Ag.
2167 3906 2315 3969 136:
2372 3909 2716 3969 πτανοῖσι

430 4004 615 4070 κυσί.
707 4005 883 4091 Sept.
931 4008 1040 4071 64:
1084 4006 1284 4090 κῦμα
1310 4009 1667 4096 χερσαῖον
1699 4003 2045 4094 στρατοῦ.
2102 4005 2204 4067 De
2236 4004 2363 4067 hoc
2392 4028 2515 4068 usu
2544 4003 2715 4068 infra

430 4106 696 4169 uberius
766 4107 1263 4192 disputabimus.
1369 4105 1469 4168 De
1538 4099 1873 4199 xusgpoe'opy
1930 4105 2178 4171 dictum
2225 4118 2325 4168 est
2380 4128 2441 4191 p.
2490 4107 2589 4169 36.
2634 4143 2719 4154 —

435 4200 739 4294 ψάλιον,
790 4208 1053 4293 proprie
1099 4208 1366 4272 annulus
1406 4209 1596 4290 freni,
1644 4206 1840 4272 etiam
1887 4207 1968 4271 de
2013 4220 2153 4271 toto
2186 4206 2395 4283 freno,
2429 4229 2716 4291 praeser-
