3134 4842
491 190 529 252 2

407 359 652 442 majore
728 357 1026 420 doctrina
1090 369 1157 420 et
1216 357 1558 441 judicandi
1616 358 1976 422 subtilitate
2022 359 2327 424 instructi
2372 361 2453 424 ad
2498 362 2699 448 scrip-

405 472 618 522 torem
693 458 882 521 illum
962 458 1374 522 tractandum
1454 458 1944 544 aggrediuntur,
2011 483 2249 545 magno
2316 460 2433 524 illo
2501 476 2700 547 atque

407 582 686 644 operoso
733 558 1091 644 colligendi
1134 558 1358 622 labore
1402 558 1603 622 levati
1634 559 1715 622 ad
1743 583 1846 623 res
1880 560 2290 626 difficiliores
2323 575 2389 624 et
2419 562 2693 648 ingenio

407 683 523 722 suo
571 659 777 744 magis
826 659 1055 745 dignas
1103 682 1170 721 se
1208 672 1382 722 totos
1421 660 1722 723 conferre
1756 660 2064 745 possint?
2094 660 2273 740 Quae
2309 684 2508 746 quum
2542 672 2700 727 con'·

404 760 778 837 siderarem,
825 760 1022 822 etiam
1068 782 1171 822 me
1221 783 1383 846 opus
1416 784 1549 823 non
1582 760 1775 846 plane
1807 761 2042 825 inutile
2076 762 2442 847 suscepisse
2476 764 2693 828 visum

400 860 484 923 iri
528 861 774 946 putavi,
821 883 1023 945 quum
1068 883 1439 923 sermonem
1484 861 1824 946 Aeschyli,
1873 863 2057 946 cujus
2089 863 2159 925 in
2196 863 2413 927 studio
2445 863 2696 945 iamdiu

401 984 661 1039 versor„
695 984 827 1023 una
871 983 957 1023 ex
1000 974 1182 1047 parte
1229 974 1502 1024 tractare
1551 974 1925 1026 statuerem.

573 1061 642 1125 Si
707 1061 979 1125 omnino
1043 1084 1273 1125 verum
1329 1074 1447 1138 est,
1505 1061 1683 1146 quod
1728 1061 1888 1138 dixi,
1934 1061 2014 1125 ad
2067 1063 2363 1149 linguam
2408 1065 2693 1150 aliquam

404 1159 930 1247 cognoscendam
995 1184 1395 1248 magnopere
1460 1162 1780 1226 interesse
1845 1163 2164 1248 loquendi
2228 1188 2419 1227 usum
2473 1166 2696 1251 singu-

401 1263 616 1326 lorum
657 1263 1051 1348 scriptorum
1084 1285 1277 1347 quam
1309 1263 1794 1326 accuratissime
1826 1265 2239 1350 perscrutari,
2271 1265 2341 1327 id
2373 1288 2450 1328 eo
2485 1268 2695 1352 magis

402 1363 844 1427 necessarium
890 1376 1008 1441 est,
1055 1385 1185 1447 quo
1233 1364 1440 1449 magis
1487 1386 1725 1439 sermo,
1774 1387 1903 1449 quo
1948 1365 2156 1428 utitur
2201 1365 2499 1451 scriptor,
2547 1368 2694 1450 ejus

401 1465 702 1550 proprius
750 1477 850 1527 est
902 1476 969 1527 et
1026 1487 1063 1527 a
1107 1464 1445 1527 communi
1487 1487 1669 1527 more
1715 1466 2064 1529 verborum
2110 1465 2379 1529 recedit.
2466 1469 2689 1552 Atque

397 1564 528 1629 tale
575 1588 717 1629 esse
776 1564 848 1627 id
912 1587 1120 1650 genus
1181 1564 1465 1642 dicendi,
1512 1564 1691 1650 quod
1733 1564 2107 1650 Aeschylus
2154 1565 2439 1644 adhibet,
2493 1591 2696 1632 nemo

402 1679 520 1744 est,
566 1665 725 1750 quin
794 1665 1052 1742 sentiat,
1121 1665 1235 1750 qui
1287 1665 1397 1728 vel
1449 1665 1688 1728 leviter
1734 1664 1972 1730 Graecis
2021 1666 2230 1730 literis
2274 1667 2565 1731 imbutus
2612 1668 2693 1731 ad

397 1766 768 1852 tragoedias
815 1767 956 1850 ejus
1008 1765 1320 1851 legendas
1368 1789 1436 1829 se
1483 1766 1855 1830 contulerit.
1922 1767 2106 1831 Haec
2149 1767 2505 1832 insolentia
2547 1782 2614 1832 et
2660 1792 2701 1831 a

403 1867 737 1931 communi
762 1889 942 1930 more
970 1866 1424 1952 discrepantia,
1451 1889 1614 1951 quae
1642 1866 1951 1930 dictionis
1981 1866 2397 1953 Aeschyleae
2430 1869 2698 1955 propria

401 1979 520 2045 est,
567 1968 630 2030 ei
696 1967 942 2053 optime
1012 1966 1323 2030 convenit
1385 1966 1681 2052 ingeniO,
1730 1967 1900 2053 quod
1953 1968 2174 2032 omnia
2218 1969 2359 2053 ejus
2408 1969 2701 2032 carmina

400 2091 555 2155 prae
604 2091 671 2131 se
717 2068 967 2144 ferunt3
1018 2090 1211 2152 quam
1256 2066 1548 2132 rem'hic
1580 2068 1870 2132 breviter
1900 2082 2154 2132 tantum
2187 2083 2379 2155 atque
2416 2070 2691 2134 strictim

403 2169 722 2254 attingere
788 2168 965 2232 licet.
1055 2166 1265 2246 Quod-
1311 2168 1515 2254 igitur
1572 2168 1651 2231 de
1706 2192 2105 2255 unoquoque
2154 2170 2469 2256 scriptore
2515 2184 2697 2235 recte

403 2270 660 2347 dicitur,
728 2269 798 2332 in
866 2268 1011 2355 ipso
1090 2269 1381 2342 dicendix
1421 2292 1686 2354 genere,
1755 2270 1932 2354 quod
1998 2269 2284 2348 adhibet,
2349 2271 2692 2357 ingenium

402 2383 469 2434 et
511 2393 726 2434 mores
771 2367 1058 2432 hom'inis
1104 2382 1435 2454 tamquam
1483 2393 1799 2458 expressa
1829 2369 2070 2447 videri,
2114 2370 2185 2433 id
2228 2369 2404 2433 haud
2443 2372 2578 2435 scio
2612 2395 2692 2434 an

402 2470 512 2534 vel
555 2471 840 2534 maxime
886 2471 956 2533 in
1002 2469 1412 2555 Aeschylum
1458 2471 1751 2556 quadret.
1817 2470 1986 2534 Nam
2019 2472 2074 2534 si
2110 2471 2503 2557 quaerimus,
2538 2472 2695 2557 quid

407 2572 496 2635 sit
538 2571 627 2649 id,
695 2572 872 2657 quod
935 2571 1418 2656 tragoediarum
1463 2571 1787 2656 Aeschyli
1850 2572 2135 2635 maxime
2203 2573 2540 2659 proprium
2590 2573 2699 2651 sit,

401 2673 763 2759 reperimus
812 2695 917 2735 eas
966 2695 1226 2757 semper
1279 2685 1504 2735 notam
1550 2671 1876 2757 quandam
1919 2673 2301 2759 insignitam
2355 2674 2578 2759 magni
2622 2697 2698 2737 ac

404 2773 565 2838 celsi
631 2773 834 2836 animi
909 2786 975 2835 et
1028 2773 1422 2878 praesertim
1468 2772 1730 2859 pietatis
1779 2785 1970 2857 atque
2027 2773 2387 2837 sanctitatis
2433 2773 2696 2838 habere.

402 2874 625 2937 Ardor
666 2874 778 2936 ille
826 2873 1028 2937 animi
1074 2887 1141 2936 et
1182 2873 1489 2958 impetus,
1538 2895 1666 2957 quo
1698 2872 1890 2937 bellis
1922 2872 2202 2937 Persicis
2236 2896 2435 2958 quum
2464 2896 2697 2936 omnes

406 2974 637 3038 Graeci
680 2988 821 3038 tum
865 2973 1251 3060 praesertim
1298 2973 1749 3037 Athenienses
1794 2972 2182 3037 inflammati
2228 2986 2399 3050 sunt,
2444 2973 2514 3035 in
2561 2996 2694 3036 om-

404 3075 596 3139 nibus
643 3076 784 3160 ejus
832 3074 1060 3137 aetatis
1108 3074 1536 3160 scriptoribus
1563 3074 1868 3150 cernitur,
1899 3074 1969 3136 in
2001 3074 2183 3136 nullo
2217 3087 2436 3137 autem
2459 3073 2723 3137 melius

405 3199 596 3261 quam
642 3176 711 3238 in
757 3174 1115 3260 Aeschy10,
1163 3198 1356 3260 quem
1402 3174 1623 3260 ipsum
1670 3187 1736 3262 et
1781 3174 1860 3237 ad
1891 3174 2278 3237 Marathona
2307 3188 2374 3237 et
2407 3173 2486 3237 ad
2525 3174 2701 3237 Sala—

404 3277 583 3339 mina
624 3299 949 3363 pugnasse
997 3300 1114 3361 pro
1161 3289 1339 3339 certo
1387 3287 1661 3339 constat.
1748 3275 1933 3339 Haec
1978 3275 2216 3338 mentis
2263 3275 2459 3338 elatio
2497 3275 2567 3337 in
2614 3298 2701 3339 eo

406 3401 658 3441 summa
724 3400 872 3441 cum
918 3377 1233 3462 gravitate
1280 3399 1354 3440 ac
1411 3376 1779 3440 constantia
1823 3389 1890 3439 et
1930 3375 2043 3463 pio
2092 3398 2165 3439 ac
2211 3375 2369 3439 deos
2424 3355 2693 3439 verente

406 3478 643 3557 anim0,
712 3478 825 3564 qui
892 3478 971 3540 de
1027 3490 1256 3540 natura
1301 3476 1594 3553 deorum,
1663 3477 1742 3540 de
1808 3476 2050 3539 virtute
2119 3488 2186 3539 et
2250 3476 2543 3540 moribus
2588 3499 2698 3538 ve-

402 3579 610 3643 riores
677 3579 982 3642 notiones
1049 3600 1241 3662 quam
1285 3577 1485 3663 vulgo
1532 3577 1837 3662 aequales
1884 3577 2317 3661 concepisset,
2364 3589 2503 3640 erat
2543 3599 2697 3640 con-

397 3681 646 3765 juncta.
736 3678 952 3758 Quum
1016 3678 1109 3740 ita
1152 3677 1422 3741 affectus
1469 3678 1550 3741 ad
1594 3678 1961 3763 tragoedias
2008 3677 2382 3740 scribendas
2430 3700 2497 3740 se
2545 3700 2700 3749 con·

403 3781 651 3859 tulerit,
696 3803 832 3843 non
867 3792 984 3857 est,
1019 3778 1195 3863 quod
1225 3779 1539 3842 miremur
1571 3775 1792 3841 omnia
1822 3779 1962 3862 ejus
1996 3778 2237 3863 scripta
2259 3777 2694 3864 granditatem

405 3882 587 3945 illam
654 3880 989 3957 exhibere,
1060 3902 1251 3964 quam
1318 3893 1575 3942 veteres
1643 3879 1981 3943 vocabulis
2043 3876 2576 3967 μεγαλοψυχίᾳ
2631 3892 2704 3942 et

400 3981 952 4075 μεγαλοφωνίᾳ
981 3979 1350 4065 significare
1384 3980 1705 4044 solebant.
1749 3980 2123 4064 Numquam
2148 3979 2527 4065 tragoediae
2554 3981 2696 4065 ejus

406 4083 476 4147 in
521 4084 714 4147 rebus
781 4082 1038 4145 levibus
1107 4092 1174 4143 et
1217 4080 1619 4165 quotidianis
1663 4093 2034 4156 versantur3
2080 4080 2466 4166 plerumque
2513 4102 2700 4165 argu·

407 4198 630 4270 menta
691 4206 915 4247 earum
982 4204 1067 4245 ex
1132 4181 1372 4245 fabulis
1431 4182 1706 4246 deorum
1761 4194 1829 4246 et
1869 4180 2149 4256 heroum
2194 4183 2491 4269 sumpsit,
2537 4201 2698 4266 quas
