3134 4842
2623 194 2703 256 55

502 354 946 448 Jeozuspco'svt’
1002 356 1096 426 ἂν
1147 356 1457 449 αἰγίδων
1511 354 1802 455 φράσαι
1854 354 2102 426 κότον.
2203 360 2313 423 Ad
2378 357 2789 441 βλαστοῦσι

502 464 792 550 pertinet
857 462 1157 528 scholion
1224 462 1536 549 γεννῶσι
1588 457 1711 527 καὶ
1762 458 2091 541 αὔξουσι.
2182 461 2476 548 Spectari
2528 461 2792 524 videtur

502 579 692 629 vetus
751 564 992 639 fabula,
1053 586 1178 648 qua
1220 563 1469 627 bestiae
1517 563 1836 648 quaedam
1883 571 2029 626 aere
2078 575 2144 626 et
2188 562 2345 626 solis
2390 562 2535 625 luce
2584 563 2790 626 creari

500 665 938 752 fingebantur.
1027 667 1344 728 Attamen
1406 664 1632 728 nescio
1691 688 1773 727 an
1821 664 1971 748 jure
2018 663 2326 726 Meineke
2375 650 2640 748 (Philol.
2691 664 2788 737 19,
2870 742 2876 751 .

502 790 567 852 p.
615 767 765 851 218)
808 763 1159 847 βλαστεῖν
1209 764 1550 828 transitive
1601 764 1901 850 usurpari
1946 786 2141 850 posse
2188 763 2530 848 negaverit
2576 777 2642 827 et
2671 787 2789 849 pro

507 891 585 930 eo
642 861 920 966 φύουσι
975 865 1363 952 scripserim,
1410 866 1467 929 is
1512 865 1718 942 locus,
1766 865 1897 950 qui,
1942 877 2016 928 ut
2059 865 2206 928 talis
2251 887 2407 928 usus
2455 864 2789 949 probetur,

506 966 723 1031 afferri
781 968 952 1031 solet
1005 965 1232 1053 (Soph.
1278 966 1385 1029 Fr.
1433 967 1583 1030 235:
1664 963 2181 1052 βλαστουμένη
2233 957 2549 1054 ὀπώρα),
2597 965 2788 1028 valde

502 1068 796 1132 incertus
843 1082 961 1132 est.
1004 1107 1089 1115 —
1132 1061 1531 1154 βλάστημα
1576 1090 1711 1129 non
1744 1067 1957 1131 solum
1992 1066 2072 1129 de
2103 1066 2509 1152 germinibus
2541 1066 2790 1151 planta-

509 1191 672 1243 rum,
741 1191 904 1253 quae
972 1167 1364 1253 significatio
1431 1167 1739 1254 primaria
1804 1167 1950 1243 fuit,
2019 1167 2135 1231 sed
2190 1166 2386 1230 etiam
2432 1166 2512 1230 de
2561 1166 2789 1230 subole

510 1267 850 1333 hominum
907 1270 1194 1354 ponitur.
1285 1270 1461 1354 Sept
1523 1269 1673 1331 532:
1725 1261 2012 1358 μητρὸς
2064 1261 2139 1346 ἐξ
2190 1259 2554 1358 ὀρεσκόου
2605 1261 2795 1349 [noi-2

510 1388 751 1457 στημα
778 1367 1366 1468 καλλίπρῳρον.
1447 1407 1533 1415 -
1609 1368 1778 1431 Item
1844 1361 2278 1456 βλαστημός
2344 1368 2570 1454 Suppl.
2638 1370 2790 1430 317:

512 1463 659 1536 τίν’
714 1469 850 1536 οὖν
912 1462 1027 1536 ἔτ’
1083 1467 1318 1535 ἄλλον
1372 1464 1586 1556 τῆσδε
1639 1462 2079 1557 βλαστηιιὸν
2128 1467 2398 1584 λέγεις,·
2461 1507 2546 1516 -
2609 1468 2792 1535 Inso-

507 1572 723 1636 lenter
764 1565 1197 1659 βλαστηιιός
1249 1584 1348 1634 est
1391 1570 1583 1656 vigor
1626 1583 1693 1633 et
1735 1570 1907 1634 vires
1955 1570 2246 1656 corporis
2296 1570 2474 1656 Sept.
2524 1571 2628 1631 12:
2674 1565 2795 1634 καὶ

513 1667 649 1737 τὸν
722 1670 987 1759 ἔξηβον
1049 1664 1332 1760 χρόνῳ,
1405 1665 1847 1757 βλαστημὸν
1919 1664 2368 1737 αλδαίνοντα
2444 1662 2796 1755 σώματος

511 1766 755 1838 πάλιν.
869 1772 1072 1836 Senes
1134 1771 1336 1859 igitur
1378 1771 1699 1855 jubentur
1753 1771 1832 1834 ad
1886 1795 2173 1858 pugnam
2218 1771 2571 1835 instantem
2618 1768 2791 1834 vires

506 1897 862 1959 corporum
910 1896 1131 1936 curare
1181 1887 1246 1936 et
1289 1872 1581 1935 reficere.
1657 1872 1882 1935 Herm.
1918 1873 2144 1936 scribit
2173 1865 2677 1958 Ι[ἵλαστησμόν.
2709 1910 2795 1918 -

504 1973 727 2037 Etiam
773 1973 1003 2063 ἔρνος,
1049 1974 1309 2060 proprie
1351 1995 1620 2059 ρενηιεη,
1668 1973 1936 2036 omnino
1975 1974 2214 2058 prolem
2250 1971 2595 2059 significat.
2662 1974 2792 2057 Ag.

511 2076 703 2138 1525:
772 2066 955 2140 αλλ’
1010 2067 1190 2158 ε’,ιιὸν
1242 2068 1318 2140 ἐκ
1370 2064 1593 2139 τοῦδ’
1646 2073 1854 2198 ἔρνος
1904 2066 2202 2163 αερθέν.
2313 2073 2429 2137 Cfr
2473 2073 2669 2136 Hom.
2715 2073 2792 2136 Il.

488 2178 609 2254 ·18‚
657 2178 767 2239 56:
816 2170 859 2240 ὁ
915 2172 963 2240 ὃ
977 2167 1413 2265 ἀνέδραμεν
1464 2172 1658 2265 ἔρνεϊ
1703 2161 1880 2250 ἶσος.
1968 2175 2160 2239 Eum.
2209 2177 2361 2239 660.
2420 2169 2461 2277 vj
2518 2166 2599 2240 δ’
2604 2167 2793 2263 α’περ

508 2275 686 2363 ξένῳ
762 2275 923 2363 ξένη
999 2275 1274 2343 ἔσωσεν
1335 2273 1565 2366 ἔρνος.
1655 2276 1847 2339 Eum.
1915 2278 2066 2339 666:
2135 2268 2317 2342 αλλ’
2374 2279 2536 2342 οἱον
2588 2275 2797 2362 ἔρνος

509 2373 712 2453 οὔτις
762 2371 855 2442 ἂν
909 2375 1101 2443 τέκοι
1158 2369 1360 2452 θεός.
1417 2415 1502 2423 -
1554 2376 1921 2461 Imaginem
1979 2377 2237 2463 plantae
2286 2376 2640 2441 crescentis
2686 2375 2795 2438 ha-

510 2478 740 2540 bemus
811 2478 1005 2541 etiam
1061 2480 1189 2564 Ag.
1238 2479 1343 2540 76:
1415 2470 1466 2541 ὅ
1506 2497 1582 2541 τε
1634 2472 1779 2566 γὰρ
1833 2471 2097 2566 νεαρὸς
2142 2470 2420 2563 μυελὸς
2473 2475 2796 2565 στέρνων

513 2572 716 2654 ἐντὸς
766 2570 1138 2665 ἀνᾴσσων.
1203 2570 1553 2664 ἀνᾴσσων
1619 2578 1741 2660 (sic
1798 2578 1974 2640 enim
2020 2602 2196 2642 nunc
2240 2578 2441 2691 vulgo
2490 2577 2797 2641 scribitur

512 2702 629 2764 pro
696 2671 1068 2762 ανάσσων,
1124 2679 1302 2764 quod
1349 2701 1579 2742 omnes
1633 2679 1785 2742 libri
1831 2678 2122 2763 habent),
2168 2678 2433 2764 proprie
2490 2678 2792 2751 exsiliata,

508 2780 776 2844 celeriter
817 2804 878 2845 se
919 2781 1208 2857 attollens,
1254 2778 1361 2842 hic
1412 2792 1664 2865 spectat
1706 2779 1787 2842 ad
1809 2779 2098 2864 plantam
2134 2803 2218 2842 ex
2249 2793 2420 2844 terra
2448 2778 2793 2866 prosilien-

509 2896 675 2956 tem3
755 2904 918 2966 quae
985 2882 1204 2968 imago
1272 2880 1440 2943 bene
1509 2881 1587 2942 ad
1658 2879 2012 2943 medullam
2075 2881 2430 2944 infantium
2496 2880 2792 2943 nondum

506 2980 818 3058 adultam,
867 2983 983 3046 sed
1029 2982 1517 3045 adolescentem
1563 2980 1928 3045 adhibetur.

678 3085 788 3166 §4
821 3082 1204 3146 Afferantur
1230 3083 1357 3144 iam
1388 3081 1638 3166 aliquot
1666 3081 1986 3168 imagines
2020 3106 2055 3144 a
2088 3081 2471 3166 quibusdam
2496 3081 2791 3166 partibus

509 3183 877 3268 plantarum
925 3184 1156 3248 ductae
1203 3196 1396 3266 atque
1442 3182 1725 3268 primum
1774 3206 1903 3259 eae,
1948 3172 2132 3267 quae*
2158 3184 2429 3247 radicem
2474 3194 2791 3267 spectant,

508 3283 1021 3348 consideremus.
1110 3283 1434 3361 Quoniam
1479 3283 1667 3346 radix
1720 3296 1821 3345 est
1849 3281 2076 3346 infima
2105 3307 2251 3369 pars
2284 3283 2565 3369 plantae,
2596 3305 2791 3368 saepe

510 3385 779 3457 nomine
827 3380 1026 3474 ῥίζας
1070 3384 1437 3470 appellatur
1479 3383 1569 3459 id,
1618 3382 1792 3467 quod
1835 3384 1905 3446 in
1951 3384 2167 3468 aliqua
2212 3407 2281 3446 re
2327 3383 2627 3447 infimum
2664 3398 2790 3460 est3

504 3483 600 3547 ita
665 3484 744 3548 de
813 3499 1036 3549 monte
1107 3486 1320 3548 Prom.
1380 3485 1533 3548 365:
1601 3477 1999 3569 ἰπούμενος
2050 3479 2359 3574 ῥίζαισιν
2410 3483 2797 3560 Αἰτναίαις

511 3579 678 3652 ὕπο.
745 3626 830 3634 -
894 3586 1071 3649 Imae
1130 3586 1434 3672 regiones
1480 3598 1692 3649 terrae
1737 3586 1830 3649 ita
1874 3585 2287 3672 appellantur
2335 3586 2548 3649 Prom.
2600 3588 2789 3650 1046:

496 3681 763 3770 χθόνα
794 3680 957 3754 δ’έκ
985 3683 1398 3773 πυθμένων
1428 3677 1685 3761 αὐταῖς
1715 3681 1942 3774 ῥίζαις
1969 3687 2257 3771 πνεῦμα
2277 3682 2685 3776 κραδαίνοι.
2709 3726 2794 3735 -—

512 3789 575 3848 A
639 3803 864 3852 nostro
933 3811 1114 3852 more
1184 3787 1375 3873 plane
1445 3786 1772 3863 abhorret,
1828 3787 2005 3872 quod
2062 3787 2248 3851 radix
2294 3787 2627 3852 interdum
2673 3811 2790 3872 pro

509 3891 826 3973 progenie
895 3890 1152 3962 dicitur,
1220 3887 1491 3963 scilicet,
1561 3887 1714 3972 quia
1779 3911 2025 3964 semen,
2084 3911 2169 3951 ex
2214 3911 2343 3973 quo
2390 3889 2578 3953 radix
2623 3890 2792 3952 exsi-

508 3989 641 4067 stit,
689 3991 1034 4107 cpgitatur.
1124 3989 1230 4052 Sic
1277 3983 1566 4079 ῥίζωμα
1611 3988 1999 4053 transfertur
2032 3988 2210 4075 Sept.
2240 3991 2393 4052 412;
2438 3990 2793 4079 σπαρτῶν

510 4082 591 4153 δ’
597 4113 700 4157 απ
720 4083 1067 4179 'andycem
1115 4110 1224 4156 ων
1249 4086 1478 4180 ’Ἁρης
1507 4084 1880 4183 ἐφεισατο,
1912 4082 2187 4177 ῥίζωμ’
2216 4082 2517 4156 ἀνεῖται.
2585 4091 2792 4154 Mani-

506 4193 755 4257 festum
823 4206 924 4256 est
989 4191 1342 4283 σπαρτίῦν
1389 4188 1497 4254 hic
1543 4190 1845 4277 ambigue
1894 4191 2140 4255 dictum
2189 4214 2330 4256 esse
2378 4205 2444 4255 et
2489 4193 2793 4277 sequenti
