3134 4842
2544 235 2624 299 73

412 402 578 480 λαῖς
622 396 718 491 ἠδ
729 395 1055 468 Ἰαόνων
1086 402 1318 491 χέρες.
1407 403 1655 481 Herm„
1703 403 1817 489 qui
1858 403 2163 489 proxime
2206 403 2287 466 ad
2318 401 2705 489 scripturam

412 505 724 571 codicum
791 504 1065 580 accedit,
1134 504 1399 568 scribitr
1457 496 1723 579 πεζούς
1789 495 1867 569 τ’
1893 496 2021 590 ἠδὲ
2069 499 2191 568 καὶ
2246 499 2710 579 θαλασσίους

417 599 832 696 ὁμόπτεροι
904 600 1364 680 κυανώπιδες
1434 605 1604 680 νᾶες
1661 598 1797 691 μὲν
1861 600 2176 693 ἄγαγον,
2231 610 2487 687 ποποῖ,
2541 604 2710 680 νᾶες

413 699 930 790 δ’ᾶπώλεσαν,
978 711 1209 789 τοτοῖ,
1251 706 1419 781 νᾶες
1465 702 2077 793 πανωλέθροισιν
2128 699 2504 790 ἐμβολαῖς,
2549 699 2707 771 διᾶ-

417 801 806 896 γἸαόνων
861 805 1106 894 χέρας.
1207 806 1306 870 Ea
1349 806 1731 892 respiciens,
1779 829 1942 891 quae
1992 819 2185 869 antea
2228 807 2309 869 de
2355 806 2552 869 remis
2597 830 2706 869 na-

412 909 596 972 vium
667 931 813 972 cum
881 908 998 970 alis
1057 907 1448 993 comparatis
1497 906 1638 969 dixi
1682 912 1773 992 (p.
1822 909 1950 988 ἰὈ),
1997 900 2407 993 ὁμόπτεροι
2459 908 2551 971 ita
2597 930 2707 969 ex-

414 1010 733 1095 plicatum
797 1009 972 1085 vo10,
1037 1020 1112 1071 ut
1174 1030 1412 1072 »naves
1480 1008 1559 1070 ab
1628 1020 1900 1092 utraque
1959 1023 2142 1092 parte
2201 1006 2445 1093 pariter
2488 1008 2705 1083 remis,

412 1126 751 1193 tamquam
817 1109 957 1186 alie,
1023 1108 1367 1172 movendis
1430 1131 1693 1172 cursum
1760 1131 1952 1171 suum
2016 1121 2407 1193 peragentes
2465 1108 2708 1172 intelli-

413 1224 710 1296 gantur».
766 1209 948 1273 Haec
991 1210 1193 1273 verba
1237 1210 1316 1273 ab
1363 1209 1749 1272 Hermanno
1795 1222 2079 1283 mutuor,
2127 1231 2517 1293 quamquam
2563 1209 2704 1294 ipse
2754 1250 2767 1270 .

414 1311 609 1374 aliam
710 1310 1324 1396 interpretationem
1425 1331 1721 1394 eamque,
1823 1323 1896 1373 ut
1992 1309 2300 1394 equidem
2409 1310 2705 1386 arbitror,

414 1410 816 1475 deteriorem
882 1409 1216 1497 praeferre
1292 1410 1573 1487 videtur,
1631 1433 1716 1472 ex
1773 1433 1900 1495 qua
1944 1404 2355 1498 ὁμόπτεροι
2399 1411 2578 1474 idem
2625 1409 2709 1474 sit

414 1536 492 1576 ac
537 1508 843 1597 ὁμοιως,
897 1534 987 1576 sc.
1031 1504 1294 1586 πεζούς
1346 1531 1424 1576 τε
1471 1505 1594 1576 καὶ
1646 1507 2132 1587 θαλασσίους.
2241 1510 2423 1573 Weil
2481 1511 2709 1575 scribit

415 1605 889 1703 ορσόπτεροι.
943 1651 1030 1660 -
1071 1612 1227 1675 Non
1273 1624 1555 1729 constat-3
1596 1612 1926 1696 quomodo
1971 1607 2291 1702 ἄπτερος
2333 1611 2709 1726 intelligen-

417 1713 576 1776 dum
621 1714 707 1777 sit
750 1716 878 1800 Ag.
926 1714 1076 1776 276:
1133 1704 1318 1779 ἀλλ’
1374 1696 1419 1798 ἧ
1473 1704 1555 1777 σ’
1584 1706 1870 1779 επίανέν
1923 1733 2029 1789 τις
2078 1709 2397 1800 ἄπτερος
2449 1707 2710 1805 meing,-

416 1813 596 1877 Olim
639 1814 840 1901 vulgo
887 1812 1296 1899 Hesychium
1335 1813 1543 1877 secuti
1582 1833 1902 1900 απτερος
1928 1814 2217 1877 celeribus
2245 1813 2361 1875 alis
2390 1813 2707 1890 volantem,

419 1915 670 1979 velocem
712 1915 1333 2001 interpretabantur,
1380 1926 1453 1977 ut
1496 1936 1546 1979 α
1589 1914 1723 1976 vim
1768 1913 2164 1978 intensivam
2196 1913 2494 1990 haberet;
2543 1936 2706 1997 quae

415 2016 775 2102 explicatio
844 2037 1041 2101 quare
1109 2015 1588 2079 recentioribus
1642 2026 1898 2078 tantum
1956 2014 2385 2100 displicuerit,
2430 2037 2566 2078 non
2610 2014 2708 2077 in-

410 2116 668 2203 telligO,
739 2139 940 2202 quum
1007 2117 1392 2201 praesertim
1458 2115 1843 2179 adverbium
1911 2107 2250 2203 ἄπτέρως
2304 2114 2707 2201 Lycophron

416 2241 478 2280 v.
525 2219 645 2281 627
692 2218 959 2282 celeriter
1001 2215 1353 2301 significet.
1451 2215 1677 2279 Herm.
1724 2240 2055 2280 rumorem
2100 2215 2417 2302 intelligit
2458 2219 2712 2279 »imma-

413 2329 645 2394 tura-m,
715 2317 822 2381 cui
866 2316 1182 2381 ‘nond‘um
1241 2316 1405 2380 fides
1449 2315 1771 2394 habenda,
1819 2318 2307 2404 comparatione
2355 2316 2432 2379 ab
2479 2316 2707 2380 avibus

419 2418 646 2503 petita,
689 2417 926 2503 quibus
956 2418 1256 2482 nondum
1288 2418 1368 2480 ad
1397 2418 1693 2480 volatum
1725 2419 1961 2503 pennis
1993 2418 2285 2481 firmatae
2318 2429 2472 2479 sunt
2502 2416 2707 2492 alae›>;

416 2541 573 2581 eum
640 2517 959 2604 plerique,
1023 2518 1198 2593 inter
1263 2541 1376 2581 eos
1443 2517 1642 2595 Weil,
1710 2531 2091 2603 sequuntur.
2203 2517 2332 2581 Sed
2402 2518 2562 2581 duas
2623 2518 2706 2581 ob

418 2641 646 2682 causas
712 2618 875 2682 haec
938 2618 1395 2704 interpretatio
1460 2617 1625 2681 mihi
1680 2619 1895 2682 minus
1953 2618 2185 2705 placet.
2275 2617 2568 2680 Primum
2614 2617 2709 2681 sic

419 2719 658 2783 chorus
717 2718 1303 2804 Clytaemnestram
1364 2719 1653 2783 levitatis
1700 2732 1768 2782 et
1812 2720 2126 2783 credendi
2177 2718 2565 2782 temeritatis
2611 2720 2708 2781 in-

419 2819 779 2897 simularet,
848 2821 1022 2905 quod
1091 2820 1154 2882 ei
1185 2815 1188 2818 ⁴
1218 2819 1678 2898 verecundiae,
1746 2843 1872 2904 qua
1936 2820 2007 2883 in
2064 2821 2282 2906 priore
2327 2819 2705 2905 tragoediae

416 2934 601 3007 parte
660 2920 953 3006 reginam
1001 2921 1373 3005 alloquitur,
1418 2944 1553 2983 non
1601 2935 2119 2985 consentaneum
2166 2931 2358 2983 esset.
2445 2920 2706 2983 Deinde

416 3021 966 3086 antecedentibus
1033 3034 1375 3107 repugnat.
1460 3021 1631 3084 Nam
1682 3045 1744 3084 v.
1804 3025 1924 3086 272
1971 3021 2207 3086 chorus
2252 3043 2548 3106 regmam
2596 3043 2708 3083 ex-

416 3122 894 3208 pugna-tionem
962 3121 1200 3206 Trojae
1258 3123 1673 3185 nuntiantem
1731 3123 1825 3186 sic
1879 3124 2267 3208 interrogat:
2335 3121 2378 3207 ἦ
2441 3114 2587 3209 γάρ
2643 3140 2711 3187 τι

417 3241 686 3289 πιστον
736 3216 885 3288 ἐστι
937 3219 1180 3289 τωνδέ
1226 3240 1344 3287 σοι
1408 3221 1719 3311 τέκμαρ,·
1785 3224 1892 3287 Ad
1960 3247 2124 3309 quae
2193 3245 2394 3308 quum
2452 3221 2710 3306 Clytae-

388 3322 710 3387 'mnestra
751 3346 890 3387 rem
934 3323 1026 3387 ita
1071 3346 1141 3387 se
1185 3322 1428 3387 habere
1475 3324 1839 3409 respondit,
1886 3324 2123 3388 chorus
2165 3323 2406 3387 iterum
2435 3322 2709 3386 interro-

416 3437 558 3510 gat:
606 3417 890 3513 πότερα
942 3416 1023 3490 δ’
1050 3416 1365 3512 ὀνείρων
1418 3417 1771 3517 φάσματ’
1818 3417 2100 3511 εὐπιθῆ
2142 3421 2413 3506 σέβεις,·
2456 3423 2708 3501 Quibus

420 3524 600 3589 effici
654 3538 838 3612 pute,
882 3539 957 3589 ut
999 3524 1108 3588 hic
1152 3548 1288 3588 non
1333 3524 1412 3587 de
1458 3525 1809 3589 immaturo
1857 3540 1924 3590 et
1965 3527 2219 3590 incerto
2263 3547 2547 3602 rumore,
2593 3525 2709 3587 sed

418 3625 500 3688 de
546 3626 683 3703 tali,
730 3626 837 3688 cui
880 3625 1043 3689 fides
1091 3626 1176 3688 sit
1218 3624 1547 3703 habenda,
1587 3639 1833 3713 agatur.
1921 3627 2060 3689 Alii
2103 3625 2258 3690 alias
2291 3626 2708 3711 protulerunt

418 3726 1024 3812 interpretationes;
1104 3748 1376 3811 quarum
1455 3727 1639 3790 nulla
1702 3727 1819 3806 illi,
1888 3750 2082 3812 quam
2149 3727 2433 3814 primum
2501 3725 2707 3801 attuli,

419 3827 853 3911 praeferenda
917 3827 1197 3907 videtur.
1319 3827 1525 3912 Saepe
1595 3827 1767 3913 apud
1835 3828 2137 3912 antiquos
2206 3827 2556 3912 scriptores
2625 3826 2705 3888 de

416 3951 679 3992 rumore
744 3928 1208 4013 praedicantur
1270 3927 1596 3992 vocabula
1651 3929 1994 4012 adjectiva,
2056 3951 2219 4014 quae
2280 3927 2707 4003 celeritatem,

416 4051 548 4113 qua
612 4029 984 4115 dissipatur,
1049 4028 1365 4092 indicant.
1465 4027 1774 4093 Ceterum
1830 4027 2152 4121 ἄπτερος
2195 4029 2393 4093 etiam
2439 4025 2706 4113 proprio

416 4152 617 4193 sensu
681 4153 804 4194 non
857 4129 1009 4193 alati
1050 4130 1127 4192 ab
1174 4128 1512 4213 Aeschylo
1559 4143 1910 4216 usurpatur
1952 4131 2145 4196 Eum.
2192 4132 2301 4206 513
2353 4128 2494 4191 250.
2575 4127 2710 4191 Νο-

416 4229 674 4295 tissima
704 4243 806 4294 est
835 4228 1192 4293 Homerica
1221 4228 1506 4293 formula
1535 4232 1646 4296 τοῦ
1675 4224 1757 4297 δ’
1789 4228 2109 4321 ἄπτερος
2136 4229 2399 4299 ἔπλετο
2425 4224 2708 4313 μῦθος,
