3134 4842
1190 191 1225 256 f*
1699 205 1710 215 ·
2554 175 2630 238 81

408 348 602 409 ‘inest
670 346 790 421 viS,
857 358 931 407 ut
988 356 1055 407 et
1096 322 1635 428 ‘indignationem
1681 340 1864 404 chori
1910 340 2198 404 declaret
2242 353 2309 404 et
2353 341 2717 404 misericor-

428 448 604 510 diam
650 443 1088 531 spectantium
1142 456 1577 507 commoveat.

602 550 629 631 ᾗ
678 549 775 610 17.
867 545 1031 609 Cum
1099 544 1284 607 bobus
1335 543 1639 606 homines
1699 565 1891 628 saepe
1939 541 2112 628 apud
2157 554 2384 627 poetas
2433 540 2716 605 Graecos

414 661 926 733 -comparantur3
975 645 1150 730 quod
1194 657 1447 707 tantum
1488 645 1727 719 aberat,
1759 655 1833 705 ut
1861 641 2123 705 Graecis
2159 642 2514 705 offensioni
2546 656 2720 706 esset

434 762 501 813 et
567 749 646 812 de
706 747 1028 833 dignitate
1074 744 1359 809 hominis
1408 743 1749 808 detrahere
1797 743 2150 820 videretur,
2209 757 2282 805 ut
2327 742 2405 806 de
2452 744 2716 829 regibus

434 849 769 913 maxime·
790 862 855 912 et
923 847 1199 910 ducibus
1267 846 1679 909 exercituum
1737 844 1897 908 tales
1943 843 2262 930 imagines
2310 843 2717 956 adhiberent.

430 951 534 1013 Ita
578 949 906 1012 Homerus
955 947 1034 1010 de
1081 949 1587 1031 Agamemnone
1633 945 1709 1008 Il.
1757 947 1814 1022 2,
1860 945 2011 1008 48οτ

541 1092 712 1186 ἠῦτε
761 1096 949 1176 βους
1000 1090 1325 1212 ἀγέληφι
1372 1096 1517 1185 ιιέγ
1537 1088 1823 1181 ’ἔξοχος
1874 1093 2134 1162 ἔπλετο
2187 1088 2491 1161 πάντων

544 1202 834 1289 ταῦρος·
889 1193 933 1265 ὁ
987 1191 1136 1288 γάρ
1194 1219 1269 1263 τε
1321 1192 1578 1278 βόεσσι
1626 1196 2073 1285 μεταπρέπει
2127 1187 2580 1287 αγρομένησι

440 1365 508 1415 et
571 1374 763 1436 saepe
831 1351 1007 1414 alias.
1111 1349 1277 1412 Nam
1346 1371 1452 1411 eas
1527 1347 1871 1433 imagines,
1931 1348 2166 1431 quibus
2220 1347 2522 1411 homines
2570 1370 2721 1410 cum

436 1452 839 1538 ignobilibus
895 1451 1124 1516 bestiis
1181 1462 1661 1535 comparentur,
1714 1461 1972 1511 nostrae
2021 1448 2287 1533 quidem
2335 1448 2561 1512 aetatis
2608 1446 2721 1510 ho-

436 1552 723 1615 minibus
789 1551 1132 1615 indecoras
1190 1550 1420 1625 videri,
1475 1549 1809 1613 veteribus
1857 1561 2073 1611 autem
2123 1550 2205 1613 ob
2253 1550 2565 1633 majorem
2614 1571 2721 1611 eo-

435 1676 579 1716 rum
659 1651 1147 1738 simplicitatem
1228 1651 1337 1714 vel
1411 1650 1697 1713 maxime
1780 1650 2102 1735 placuisse
2182 1672 2377 1734 supra
2441 1649 2719 1713 ostendi.

434 1754 654 1817 Etiam
720 1753 789 1816 id
855 1752 1291 1837 reputandum
1359 1765 1475 1828 est,
1531 1762 1778 1835 quanto
1831 1750 1902 1813 in
1956 1750 2206 1813 honore
2261 1773 2363 1812 res
2405 1749 2724 1836 'pecuaria

437 1868 503 1918 et
571 1854 966 1939 agricultura
1032 1869 1097 1916 et
1165 1853 1403 1929 omnia,
1473 1875 1637 1937 quae
1712 1852 1789 1915 ad
1866 1874 1973 1914 eas
2041 1851 2394 1936 pertinent,
2464 1872 2723 1935 semper

419 1955 610 2040 apud
679 1954 960 2017 Graecos
1029 1952 1297 2016 fuerint.
1394 1953 1502 2016 Ab
1548 1952 1844 2015 Homero
1892 1975 2085 2037 saepe
2131 1974 2320 2037 reges
2367 1974 2567 2037 pecus
2614 1974 2722 2037 pa-

436 2069 693 2119 scentes
725 2055 1128 2118 inducuntur
1159 2048 1229 2136 1).
1302 2053 1519 2116 Etiam
1550 2052 2026 2116 recentioribus
2058 2052 2486 2138 temporibuS,
2521 2075 2721 2136 quum

439 2156 662 2219 omnia
707 2155 999 2233 artificia,
1047 2178 1210 2239 quae
1259 2152 1455 2217 manu
1502 2166 1570 2217 et
1613 2176 1887 2240 corpore
1921 2154 2335 2239 gerebantur,
2366 2153 2509 2216 viro
2540 2152 2723 2238 inge-

435 2280 570 2319 nuo
641 2269 708 2319 et
770 2258 950 2321 bono
1019 2256 1160 2319 cive
1228 2255 1502 2340 indigna
1554 2253 1970 2330 haberentur,
2027 2253 2398 2339 pecuariam
2449 2266 2514 2317 et
2560 2253 2723 2340 agri-

424 2356 759 2418 culturam
827 2358 1131 2441 excipere
1201 2355 1505 2420 solebant
1534 2349 1607 2438 2).
1671 2394 1757 2402 —-
1822 2354 2038 2439 Hujus
2094 2355 2353 2439 generis
2401 2354 2720 2440 imagines

439 2454 810 2539 Aeschylus
856 2455 1052 2520 habet
1094 2480 1227 2519 non
1276 2480 1532 2541 paucas,
1607 2457 1734 2541 Ag.
1770 2456 1932 2519 1125
1965 2454 2325 2518 Cassandra
2355 2454 2424 2517 in
2456 2443 2726 2537 κοζιιμῷ

439 2555 556 2618 illo
619 2579 755 2633 suo,
801 2556 869 2619 in
918 2580 1044 2641 quo
1092 2558 1312 2620 furore
1361 2556 1644 2642 quodam
1693 2568 1880 2642 capta
1921 2555 2231 2619 vaticinia
2273 2568 2446 2618 tecte
2494 2569 2560 2618 et-
2606 2579 2723 2641 per

441 2656 744 2742 ambages
791 2657 1029 2734 fundit,
1077 2658 1664 2743 Clytaemnestiam
1703 2656 2007 2720 maritum
2051 2655 2349 2719 occidere
2383 2669 2722 2742 parantem

438 2770 766 2842 tamquam
833 2772 1246 2844 praesentem
1301 2758 1625 2845 aspiciens
1689 2755 2156 2821 exclamate}
2211 2740 2264 2821 ἆ
2316 2749 2479 2822 ἰδοὺ
2533 2750 2722 2822 ἰδού·

440 2854 664 2943 ἄπεχε
739 2860 868 2934 τᾶς
934 2852 1124 2940 βοὸς
1176 2852 1307 2923 τὸν
1361 2859 1663 2947 ταῦρον·
1730 2853 1804 2923 ἐν
1856 2855 2241 2924 πέπλοισιν
2285 2855 2722 2945 μελαγκέοῳ

436 2956 780 3040 λαβοῦσα
827 2953 1304 3046 μηχανήματι
1361 2953 1631 3025 τύπτει.
1720 2959 1893 3037 Quin
1943 2960 2070 3033 τοῖς
2110 2951 2299 3037 βοός
2340 2959 2420 3021 ad
2467 2958 2723 3043 Clytae-

434 3075 790 3124 mnestram
861 3073 1133 3147 spectet,
1206 3055 1334 3125 τὸν
1416 3063 1688 3145 ταῦρον
1753 3060 1832 3123 ad
1898 3063 2492 3146 Agamemnonem,
2561 3059 2723 3121 mihi

423 3161 729 3250 quidem·
771 3162 1040 3225 dubium
1109 3185 1255 3224 non·
1310 3175 1428 3225 est.
1538 3161 1705 3224 Nam
1770 3183 2159 3245 quamquam
2215 3159 2343 3223 hoc
2389 3184 2424 3222 a
2467 3159 2723 3246 vulgari

436 3283 559 3323 usu
626 3262 812 3325 verbi
876 3254 1168 3347 ἀπέχειν
1234 3263 1577 3348 discrepat,
1647 3262 1758 3346 qui
1812 3262 2143 3347 postulare
2202 3261 2480 3335 videtur,
2530 3275 2600 3324 ut
2642 3261 2719 3338 is,
2795 3297 2798 3300 *

437 3362 550 3447 qui
617 3362 1011 3447 aggreditur,
1081 3365 1157 3427 ab
1218 3387 1315 3439 eo,
1364 3386 1558 3448 quem
1606 3362 2000 3448 aggreditur,
2047 3353 2481 3446 ἀπέχεσθαι,
2526 3365 2726 3425 arceri

424 3463 758 3545 jubeatur,
825 3474 1045 3524 tamen
1111 3463 1276 3526 mihi
1339 3463 1731 3548 persuadere
1798 3485 1932 3525 non
1987 3485 2257 3548 possum
2314 3462 2720 3547 Aeschylum

438 3564 1006 3647 Agamemnonem
1066 3586 1347 3641 vaccam,
1396 3564 1985 3648 Clytaemnestram
2030 3576 2285 3626 taurum
2334 3563 2720 3649 appellasse,

436 3685 632 3745 quam
699 3664 1092 3727 sententiam
1160 3665 1495 3728 nonnullis
1561 3664 2031 3748 interpretibus
2108 3664 2429 3749 placuisse
2499 3664 2718 3726 miror.

434 3761 654 3825 Etiam
702 3762 1070 3848 λαβοῦσα,
1118 3765 1295 3851 quod
1341 3788 1500 3828 mox
1546 3765 1858 3849 sequitur,
1906 3778 1972 3828 et
2018 3765 2097 3827 ad
2130 3764 2717 3849 Clytaemnestram

436 3874 505 3924 et
570 3863 651 3925 ad
706 3887 965 3928 vaccam
1012 3866 1312 3929 refertur.
1399 3866 1718 3951 Reginam
1762 3865 1965 3949 igitur
2009 3866 2277 3951 conjugi
2323 3889 2440 3928 suo
2489 3887 2718 3927 necem

434 3977 774 4027 natantem
842 3988 988 4028 cum
1055 3990 1271 4044 vacca,
1341 3990 1503 4051 quae
1575 3989 1721 4029 cum
1787 3980 1975 4029 tauro
2044 3967 2349 4031 cornibus
2417 3966 2720 4042 luctatur,

576 4091 617 4157 ¹)
655 4093 716 4141 Il.
754 4096 798 4152 5,
838 4095 950 4142 313.
1022 4098 1066 4152 6,
1105 4096 1217 4145 424.
1292 4098 1368 4154 ll,
1411 4097 1520 4144 106.
1594 4096 1672 4152 20,
1716 4095 1826 4143 188.

572 4175 611 4234 2)
652 4176 892 4239 Xenoph.
930 4177 1114 4226 Oecon.
1152 4194 1194 4226 c.
1232 4181 1277 4238 4,
1316 4181 1361 4238 2,
1401 4180 1449 4237 8;
1490 4182 1534 4237 6,
1576 4182 1621 4226 5.
