3134 4842
2561 203 2641 265 49

442 366 585 434 θεν
610 364 995 456 διαμεῖψαι
1028 359 1406 452 δωμάτων
1437 358 1802 455 στυγερὰν
1831 359 2036 449 ὁδον,
2070 391 2235 453 quae
2267 369 2467 433 verba
2497 367 2725 432 Herm.

434 470 531 533 ita
576 468 893 555 explicat:
940 469 1390 533 »verissimum
1435 481 1534 532 est
1564 459 2067 556 ἄρτιδρόποις,
2101 492 2231 554 quo
2271 469 2727 556 significantur

438 570 720 657 puellae,
802 570 1035 654 quibus
1104 569 1301 633 modo
1371 569 1448 632 ab
1518 567 1815 632 hostibus
1899 581 2123 655 erepta
2199 583 2300 633 est
2363 570 2724 656 virginitas

444 663 864 760 (ὗμόὸροπα
916 663 1199 755 νόμιμα
1250 682 1427 733 recte
1474 669 1938 755 intelliguntur
1993 670 2282 757 nuptiae,
2330 671 2564 754 quibus
2611 670 2727 732 vix

439 786 731 835 maturus
767 771 1162 857 virginitatis
1193 770 1314 834 fios
1347 770 1777 854 decerpitur».
1853 770 2097 834 Totum
2128 771 2349 835 locum
2379 771 2470 834 ita
2500 771 2725 834 vertit:

440 873 880 958 «deploranda
942 885 1042 934 est
1104 894 1241 934 sors
1311 894 1553 947 earum,
1622 893 1786 955 quae
1844 885 2104 957 carptae
2168 887 2316 936 ante
2385 872 2726 935 solennem

441 974 660 1050 ritum,
707 997 836 1057 quo
882 972 996 1035 vix
1028 985 1317 1036 maturus
1348 972 1659 1034 iuventae
1691 970 1812 1034 flos
1846 971 2239 1058 decerpitur,
2270 973 2499 1036 relicta
2529 972 2725 1035 domo

443 1075 698 1137 tristem
742 1072 1206 1160 ingrediuntur
1250 1073 1479 1136 viam».
1567 1072 1786 1135 Aliter
1817 1072 2013 1149 weil,
2047 1074 2158 1157 qui
2191 1073 2490 1136 codicum
2524 1065 2729 1161 ἄρτι-

449 1169 752 1264 τρόποις
796 1174 1038 1237 retinet
1084 1188 1150 1237 et
1194 1196 1312 1260 pro
1363 1164 1843 1263 ω’μοὸρόπων
1874 1165 2335 1264 αἷμοδρόπον
2366 1197 2513 1236 cum
2548 1167 2731 1240 ὁδόν

432 1276 850 1362 jungendum
900 1275 1153 1350 scribit3
1202 1274 1378 1358 quod
1409 1274 1617 1337 multo
1650 1268 2112 1359 minus‘aptam
2147 1275 2541 1338 sententiam
2576 1276 2727 1337 dare

447 1376 609 1439 mihi
652 1376 931 1439 videtur.
1020 1375 1326 1438 Fortasse
1372 1373 1479 1438 hic
1523 1374 1709 1437 locus
1755 1374 2104 1460 respicitur
2146 1374 2620 1461 Eust..Opusc.
2666 1399 2726 1461 p.

446 1478 589 1553 355,
637 1478 735 1553 28,
783 1477 884 1539 ed.
933 1475 1178 1539 Tafel.:
1227 1468 1301 1540 ἕν
1347 1468 1776 1562 μετοπώρῳ
1830 1468 1975 1566 γὰρ
2031 1467 2122 1542 οὐ
2161 1469 2407 1561 μόνον
2447 1470 2729 1559 καινὸν,

447 1572 594 1661 έὰν,
644 1571 748 1652 οἷς
792 1571 832 1664 ἡ
879 1575 1268 1665 παροιμία,
1315 1571 1558 1651 ἄνθος
1601 1567 1932 1668 ἄναφυῇ,
1978 1568 2173 1643 ἄλλα
2215 1572 2337 1642 καὶ
2382 1570 2509 1642 ἐὰν
2550 1569 2728 1641 κατ’

449 1665 830 1763 Αἰσχύλον
882 1669 1333 1766 ἄρτίὸροπος
1385 1669 1658 1767 ὀπώρα
1713 1670 2074 1753 νεάζουσα
2128 1674 2499 1770 τρυγηθιῆ.
2616 1676 2732 1741 Cfr

446 1779 639 1842 Pind.
686 1777 877 1863 Pyth.
924 1779 981 1854 9,
1031 1779 1184 1841 109:
1223 1770 1849 1871 χρυσοστεφάνου
1902 1773 1988 1843 δέ
2034 1778 2114 1843 οἱ
2146 1771 2390 1860 ’Ἠβας
2439 1772 2732 1866 καρπὸν

447 1871 878 1965 ἀνθήσαντ’
932 1872 1358 1967 ἀποδρέψαι
1411 1874 1707 1945 ἔθελον.
1768 1918 1854 1926 —-
1916 1879 2258 1943 Interdum
2319 1879 2398 1943 de
2444 1878 2729 1942 hominis

438 1980 909 2045 interfectione
943 1994 1273 2064 tamquam
1307 1980 1387 2043 de
1423 1979 1840 2064 decerpendo
1872 1979 2034 2043 flore
2068 1979 2331 2056 dicitur;
2378 1981 2469 2043 ita
2503 1980 2727 2066 Suppl.

360 2067 373 2082 ⁸
442 2082 595 2145 665:
640 2079 957 2173 κέρσειεν
1000 2078 1255 2146 ἄωτον
1300 2080 1478 2166 (vide
1527 2081 1749 2166 supra)
1783 2094 1849 2144 et
1881 2080 2058 2166 Sept.
2094 2082 2245 2144 718:
2293 2073 2476 2146 ἀλλ’
2502 2073 2731 2145 αὐτά-

447 2179 730 2274 δελφον
780 2170 966 2266 αἷμα
1021 2175 1452 2270 δρέψασθαι
1479 2177 1766 2266 Δθέλεις.
1810 2220 1894 2229 --
1940 2181 2105 2259 Quia
2149 2182 2366 2268 imago
2412 2181 2612 2258 floris,
2657 2196 2731 2244 ut

445 2284 641 2347 modo
708 2282 1013 2359 vidimus,
1081 2283 1162 2345 ad
1227 2282 1316 2360 id,
1379 2282 1559 2366 quod
1627 2283 1693 2345 in
1761 2306 1829 2346 re
1897 2281 2111 2366 aliqua
2169 2283 2491 2368 optimum
2538 2297 2729 2356 esset,

449 2383 952 2468 exprimendum
1012 2382 1461 2458 adhibebatur,
1506 2384 1781 2446 verbum
1826 2380 2299 2466 λωτίζεσθαι,
2355 2386 2539 2467 cujus
2586 2407 2731 2468 pro-

450 2483 591 2568 pria
631 2484 730 2546 vis
777 2499 915 2547 erat
957 2469 1075 2547 s'ibi
1114 2483 1326 2563 florem
1370 2484 1704 2568 decerpere,
1748 2484 1817 2547 in
1858 2483 1995 2546 'vim
2042 2487 2273 2569 optima
2315 2485 2433 2546 sibi
2474 2484 2733 2569 eliyendz‘

455 2583 627 2646 abiit.
719 2584 943 2670 Suppl.
992 2586 1142 2648 962:
1192 2577 1482 2649 τούτων
1523 2578 1614 2648 τὰ
1644 2582 1899 2670 λῷστα
1926 2579 2047 2648 καὶ
2078 2578 2168 2648 τὰ
2203 2579 2729 2671 θυμηδέστατα

454 2677 781 2771 πάρεστι,
835 2681 1290 2750 λωτίσασθε.

620 2785 908 2848 Maxime
956 2786 1214 2871 dignus,
1260 2785 1340 2849 ad
1388 2808 1582 2870 quem
1630 2786 1918 2848 animum
1967 2786 2398 2862 attendamuS,
2438 2799 2537 2848 est
2565 2784 2740 2847 alius

453 2885 918 2950 vocabulorum
983 2886 1216 2950 florere
1275 2885 1787 2972 significantium
1832 2910 2009 2964 usuS,
2055 2910 2184 2972 quo
2230 2886 2309 2950 iis
2355 2887 2733 2950 abundantia

447 2984 963 3063 demonstratur3
1032 3011 1157 3072 qua
1201 2987 1489 3073 imagine
1535 2986 1910 3072 Aeschylus
1956 3010 2150 3073 saepe
2195 2988 2394 3071 idque
2452 2986 2649 3049 modo
2698 3011 2732 3048 a

451 3100 674 3151 nostro
719 3087 1035 3173 loquendi
1081 3111 1261 3151 more
1309 3088 1723 3173 discrepante
1770 3111 1924 3151 usus
1973 3102 2091 3165 est,
2139 3111 2223 3150 ex
2270 3087 2503 3151 ceteris
2534 3087 2734 3172 tragi-

447 3188 544 3251 -cis
613 3188 870 3251 nullum
937 3189 1316 3273 exemplum
1385 3188 1676 3251 memini.
1764 3188 1950 3253 Haec
2004 3187 2387 3274 metaphora
2432 3211 2468 3249 a
2511 3202 2734 3250 nostra

454 3301 520 3352 et
564 3288 706 3351 aliis
750 3289 1226 3353 recentioribus
1272 3289 1515 3375 linguis
1561 3313 1696 3352 non
1727 3289 1921 3374 plane
1951 3290 2066 3352 illa
2107 3289 2373 3374 quidem
2406 3287 2731 3360 abhorret,

452 3388 568 3453 sed
644 3401 866 3453 tamen
931 3391 1105 3452 inter
1167 3403 1464 3453 nostrum
1532 3403 1598 3453 et
1664 3389 1984 3474 Aeschyli
2049 3413 2240 3453 usum
2304 3389 2373 3453 id
2437 3389 2732 3466 interest,

446 3490 627 3572 quod
694 3513 815 3553 nos
893 3513 1036 3552 eam
1091 3503 1343 3554 tantum
1403 3490 1482 3554 ad
1528 3513 1630 3554 res
1678 3491 1881 3554 bonas
1928 3504 1994 3554 et
2036 3490 2281 3578 faustas
2327 3487 2734 3566 adhibemus,

450 3588 562 3652 ille
632 3590 830 3654 etiam
898 3590 978 3654 ad
1046 3613 1147 3653 res
1216 3592 1416 3654 malas
1486 3604 1552 3654 et
1618 3591 1942 3655 adversas.
2053 3589 2578 3654 Translationem
2644 3590 2735 3653 ita

450 3687 691 3754 factam
739 3714 882 3754 esse
930 3714 1190 3767 censeo,
1238 3704 1309 3753 ut
1342 3691 1598 3776 species
1632 3692 2090 3757 obversaretur
2118 3692 2380 3777 plantae
2412 3691 2520 3754 vel
2550 3692 2734 3754 arbo-

453 3789 539 3852 ris
584 3789 853 3856 fioribus
912 3790 1164 3856 obsitae
1209 3790 1493 3876 ideoque
1540 3792 1907 3856 ubertatem
1955 3806 2021 3857 et
2065 3792 2532 3856 abundantiam
2578 3814 2731 3876 prae

447 3912 523 3952 se
568 3890 862 3956 ferentis.
951 3892 1052 3956 Ita
1094 3892 1369 3957 verbum
1414 3883 1681 3959 ἀνθεῖν
1724 3894 1940 3978 aliqua
1968 3916 2039 3956 re
2068 3894 2381 3956 abundare
2408 3891 2735 3978 significat

454 3992 582 4077 Ag.
629 3991 779 4055 659:
825 3984 1124 4058 ἀνθοῦν
1164 3991 1486 4080 πέλαγος
1529 3992 1855 4081 Αἰγαῖον
1897 3999 2179 4085 νεκροῖς
2219 3985 2518 4079 ἀνδρῶν
2559 4012 2735 4057 ναυ-

455 4096 681 4168 τικοῖς
723 4083 1158 4181 τ’ἕρειπίοις,
1197 4117 1375 4158 mare
1406 4095 1788 4181 corporibus
1818 4108 2225 4160 mortuorum
2254 4108 2321 4159 et
2346 4093 2731 4180 fragmentis

453 4193 720 4257 navium
765 4205 1186 4258 constratum.
1257 4185 1562 4281 Choeph.‘
1584 4196 1775 4260 1009:
1814 4195 2163 4281 μίμνοντι
2207 4189 2288 4261 δὲ
2326 4188 2449 4260 καὶ
2477 4186 2737 4352 πάιὲος
